2462 3678
147 41 204 104 280
398 39 434 100 P.
468 38 659 98 VERGILI
682 39 894 101 MARONIS

146 161 316 222 ‘Invehitur
335 177 421 219 curru
444 157 586 235 Phrygias
610 157 712 218 turrita
736 179 790 234 per
812 160 908 228 urbes,
1100 163 1149 235 785

145 245 254 300 ‘Laeta
275 243 365 300 deum
385 251 477 316 partu,
500 251 621 298 centum
642 242 798 315 complexa
820 251 955 316 nepotes,

146 324 278 382 ‘Omnes
299 321 462 392 caelicolas,
487 339 592 379 omnes
616 338 723 395 supera
744 320 803 378 alta
825 330 970 392 tenentes,

146 405 235 460 ‘Huc
254 402 387 478 geminas
407 419 487 459 nunc
507 401 593 459 flecte
614 400 700 472 acies,
725 401 803 458 hanc
824 399 923 476 aspice
944 412 1076 476 gentem

146 485 378 558 ‘Romanosque
397 492 472 540 tuos.
517 480 578 540 Hic
601 482 717 552 Caesar,
743 491 772 541 et
794 481 890 540 omnis
911 482 972 539 Iuli

145 561 332 639 ‘Progenies
355 581 495 638 magnum
517 560 591 620 caeli
613 573 737 620 ventura
758 562 813 619 sub
836 580 930 620 axem.
1097 582 1151 638 790

146 644 225 702 ‘Hic
247 642 298 714 vir,
322 641 371 701 hic
394 653 446 714 est,
471 640 524 700 tibi
548 661 636 716 quern
659 641 792 718 promitti
814 641 929 717 saepius
954 643 1059 717 audis,

145 726 310 798 ‘Augustus
333 724 448 793 Caesar,
474 721 543 780 Divi
565 741 668 797 genus,
692 741 781 782 aurea
803 725 913 782 condet

145 805 284 862 ‘Saecula
308 802 359 878 qui
383 820 481 860 rursus
503 802 596 874 Latio,
623 813 744 878 regnata
765 821 819 878 per
841 822 909 862 arva

144 885 286 944 ‘Saturno
308 884 459 958 quondam
470 905 480 958 ,-
501 901 590 958 super
613 892 642 942 et
666 884 858 942 Garamantas
879 895 910 942 et
931 885 1033 944 Indos

144 965 292 1023 ‘Proferet
314 961 487 1038 imperium;
509 961 586 1022 iacet
610 973 690 1021 extra
712 963 808 1022 sidera
829 965 923 1036 tellus
1095 984 1145 1042 795

144 1047 251 1102 ‘Extra
272 1043 342 1102 anni
363 1043 497 1118 Solisque
518 1042 588 1114 viaS,
613 1042 664 1102 ubi
685 1042 802 1102 caelifer
819 1045 903 1103 Atlas

145 1127 256 1183 ‘Axem
276 1141 379 1182 umero
400 1133 517 1199 torquet
539 1122 630 1182 stellis
650 1123 822 1183 ardentibus
842 1135 952 1200 aptum.

144 1204 259 1263 ‘Huius
280 1203 311 1262 in
331 1205 492 1262 adventum
513 1202 572 1261 iarn
594 1213 725 1262 nuncet
746 1203 855 1280 Caspia
875 1225 968 1282 regna

144 1284 324 1360 ‘Responsis
344 1284 463 1342 horrent
483 1283 585 1342 divom
606 1293 635 1342 et
658 1284 790 1344 Maeotia
809 1286 903 1358 tellus,
1194 1329 1195 1356 1

144 1367 200 1424 ‘Et
221 1363 445 1441 septemgemini
468 1364 585 1423 turbant
607 1364 722 1439 trepida
743 1365 819 1424 ostia
840 1367 910 1427 Nili.
1090 1373 1144 1428 800
1194 1369 1195 1384 *

143 1447 225 1504 ‘Nec
244 1463 314 1504 vero
336 1443 456 1503 Alcides
478 1455 594 1504 tanturn
615 1444 726 1503 telluris
748 1445 847 1518 obivit,

144 1525 267 1585 ‘Fixerit
286 1524 455 1600 aeripedem
475 1544 591 1584 cervam
612 1524 689 1598 licet,
711 1537 762 1585 aut
783 1526 955 1602 Erymanthi

144 1606 274 1666 ‘Pacarit
294 1623 423 1676 nemora,
446 1615 475 1664 et
496 1607 623 1664 Lernam
644 1607 838 1665 tremefecerit
858 1627 948 1666 arcu:

143 1689 233 1759 ‘Nec,
255 1685 306 1762 qui
326 1685 492 1761 pampineis
512 1685 609 1755 vietor¹
626 1685 694 1762 iuga
714 1686 805 1745 flectit
825 1687 958 1761 habenis,

143 1767 254 1839 ‘Liber,
276 1785 367 1842 agens
387 1767 466 1825 celso
488 1768 587 1842 Nysae
608 1767 647 1826 de
667 1765 774 1825 vertice
796 1767 890 1843 tigres.

144 1849 198 1906 ‘Et
220 1847 389 1906 dubitamus
411 1846 510 1905 adhuc
531 1845 667 1905 virtutem
692 1849 851 1906 extendere
872 1847 981 1909 factis?

143 1930 219 1986 ‘Aut
241 1939 337 1986 metus
359 1927 492 1985 Ausonia
513 1926 650 2002 prohibet
672 1927 831 1986 consistere
855 1931 952 1987 terra?
1194 1991 1195 2000 ¹

143 2007 232 2084 ‘Quis
252 2008 356 2083 procul
376 2006 427 2067 ille
446 2018 545 2066 autem
567 2007 654 2065 ramis
675 2006 797 2084 insignis
818 2007 912 2067 olivae
1194 2001 1195 2044 t

142 2089 246 2147 ‘Sacra
268 2089 382 2146 ferens?
423 2089 526 2146 Nosco
547 2087 642 2146 crines
662 2087 829 2164 incanaque
849 2100 950 2148 menta

142 2167 248 2244 ‘Regis
272 2168 402 2227 Romani
413 2189 422 2242 3
443 2167 569 2243 primam
591 2167 643 2243 qui
664 2169 777 2244 legibus
799 2171 902 2228 urbem
1076 2178 1130 2231 810

142 2247 315 2320 ‘Fundabit
340 2249 467 2308 Curibus
489 2247 585 2323 parvis
607 2258 637 2307 et
659 2267 788 2324 paupere
808 2259 884 2308 terra

141 2329 267 2388 ‘Missus
287 2327 319 2386 in
337 2327 493 2404 imperium
515 2347 663 2404 magnum.
707 2329 765 2388 Cui
786 2330 896 2389 deinde
916 2330 1036 2405 subibit,
1194 2339 1195 2348 ’

141 2409 229 2470 ‘Otia
253 2408 303 2483 qui
324 2418 441 2483 rumpet
463 2408 574 2483 patriae
595 2407 764 2484 residesque
786 2411 918 2470 movebit

141 2490 260 2548 ‘Tullus
280 2488 310 2546 in
331 2507 412 2546 arma
431 2489 508 2547 viros
530 2499 559 2547 et
580 2488 639 2546 iam
660 2491 783 2548 desueta
803 2490 956 2567 triumphis

141 2568 290 2647 ‘Agmina
336 2570 435 2642 Quem
455 2567 536 2627 iuxta
557 2569 688 2645 sequitur
707 2570 862 2630 iactantior
882 2573 991 2644 Ancus
1071 2579 1122 2651 815
1194 2571 1195 2642 i

141 2653 245 2710 ‘Nunc
266 2667 386 2725 quoque
406 2647 465 2706 iam
486 2647 610 2707 nimium
630 2651 762 2726 gaudens
782 2651 973 2727 popularibus
992 2656 1073 2716 auris.
1194 2651 1195 2658 '

141 2730 210 2790 ‘Vis
230 2741 261 2790 et
280 2728 457 2804 Tarquinios
477 2748 560 2804 reges
580 2728 768 2805 animamque
791 2734 948 2807 superbam

141 2811 269 2872 ‘Ultoris
290 2809 373 2868 Bruti
393 2809 546 2899 fascesque
566 2808 666 2869 videre
685 2820 786 2887 recept
774 2814 842 2871 tos?

140 2890 325 2953 ‘Consulis'
318 2888 473 2965 imperium
495 2889 544 2948 hic
566 2889 676 2965 primus
699 2909 860 2967 saevasque
882 2911 998 2953 secures

140 2969 301 3046 ‘Accipiet
323 2981 468 3044 natosque
490 2979 581 3044 pater,
604 2989 683 3029 nova
703 2971 781 3030 bella
803 2983 965 3048 moventes,
1065 2981 1118 3038 820
1194 3013 1195 3046 r

139 3050 207 3109 ‘Ad
229 3067 357 3125 poenam
379 3051 501 3124 pulchra
522 3069 576 3124 pro
598 3049 685 3109 libert
674 3062 733 3109 tate
757 3053 884 3124 vocabit,

140 3129 281 3189 ‘Infelixl
322 3130 482 3217 Utcunque
505 3129 598 3188 ferent
618 3149 654 3188 ea
673 3133 750 3190 facta
770 3133 907 3206 minores

140 3211 263 3266 ‘Vincet
284 3226 366 3264 amor
386 3208 495 3279 patriae
515 3209 724 3284 laudumque'
716 3229 850 3270 inmensa
870 3215 988 3290 cupido.

141 3286 237 3360 ‘Quin
258 3284 368 3342 Decios
390 3287 562 3358 Drusosque
582 3290 694 3362 procul,
716 3308 895 3367 saevomque
916 3295 1010 3354 securi
