2460 3686
406 81 644 144 narramus
660 82 746 140 rra.
771 83 817 140 rr.
1042 87 1095 159 187

84 207 342 284 Praecipitesque
362 207 451 267 trahit
472 207 559 267 silvas
568 229 577 282 3
604 216 704 284 stupet
723 206 832 266 inscius
854 207 916 266 alto

84 288 259 365 Accipiens
281 287 411 348 sonitum
432 287 494 347 saxi
514 287 553 347 de
572 287 681 348 vertice
701 297 807 364 pastor.

83 369 179 428 Tum
201 385 272 428 vero
293 367 447 427 manifesta
467 369 549 440 fides,
572 370 769 443 Danaumque
789 376 945 443 patescunt

86 446 242 507 Insidiae.
285 450 351 506 Iam
372 447 523 524 Deiphobi
543 447 627 507 dedit
646 449 746 523 ampla
764 447 878 506 ruinam
1040 465 1097 524 3¹0

84 529 239 588 Volcano
259 538 417 604 superante
437 529 562 601 domus;
583 527 642 586 iam
662 527 812 604 proximus
832 528 916 587 ardet

88 609 278 684 Ucalegon,
299 605 411 684 Sigea'
404 608 464 684 rgni
485 609 558 668 freta
576 609 638 667 lata
656 609 806 668 relucent:

88 687 241 748 Exoritur
260 689 430 778 clamorque
449 687 544 746 virum
565 689 761 778 clangorque
764 688 909 747 tubarum.

88 772 196 826 Arma
215 786 319 827 amens
339 767 443 844 capio;
470 786 525 827 nee
546 779 592 827 sat
612 767 732 827 rationis
752 766 784 826 in
804 767 910 859 armis·
901 812 911 840 ,

88 849 161 908 Sed
183 848 346 924 glomerare
366 867 486 906 manum
508 849 587 938 bello
608 859 638 908 et
658 867 830 908 concurrere
850 846 881 906 in
901 867 999 907 arcem
1040 865 1097 924 315

90 930 183 989 Cum
203 927 290 987 sociis
311 929 415 987 ardent
435 927 532 986 animi.
575 927 695 988 Furor
688 947 789 1003 traque
810 937 941 986 mentem

91 1006 311 1084 Praecipitant,
333 1009 549 1084 pulchrumque
569 1008 643 1069 mori
665 1007 807 1068 succurrit
826 1007 857 1066 in
877 1007 975 1066 armis.

146 1090 247 1147 ‘Ecce
268 1098 368 1148 autem
389 1087 455 1147 telis
476 1090 608 1147 Panthus
628 1089 747 1164 elapsus
767 1086 922 1161 Achivom,

94 1169 237 1229 Panthus
258 1168 433 1245 OthryadeS,
452 1166 526 1227 arcis
548 1168 721 1244 Phoebique
742 1167 888 1239 sacerdos,

94 1252 194 1312 Sacra
214 1267 304 1306 manu
323 1247 476 1324 victosque
496 1249 569 1308 deos
589 1267 773 1325 parvumque
792 1257 933 1323 nepotem
1041 1269 1101 1324 320

95 1331 176 1406 Ipse
195 1328 291 1399 trahit,
314 1347 460 1404 cursuque
479 1347 582 1388 amens
603 1329 642 1388 ad
662 1327 764 1388 limina
784 1328 887 1388 tendit.

99 1410 194 1484 ‘Quo
214 1427 260 1468 res
281 1427 397 1468 summa
416 1409 492 1482 loco,
515 1409 651 1470 Panthu?
670 1427 760 1485 quam
780 1408 952 1485 prendimus
972 1410 1099 1467 arcemi'

96 1489 163 1548 Vix
184 1507 219 1548 ea
238 1489 314 1548 satus
335 1507 424 1559 eram,
445 1487 556 1566 gemitu
577 1509 645 1548 cum
666 1487 735 1548 talia
755 1489 871 1551 reddit:

100 1567 214 1628 ‘Venit
235 1588 350 1628 summa
370 1567 433 1628 dies
455 1579 485 1628 et
504 1568 692 1629 ineluctabile
713 1580 829 1646 tempus

101 1647 302 1708 ‘Dardaniae
346 1647 468 1708 Fuimus
488 1651 590 1722 Troes,
612 1649 665 1709 fuit
687 1649 776 1709 Ilium
797 1660 827 1708 et
846 1648 951 1726 ingens
1045 1666 1100 1724 325

102 1728 227 1788 ‘Gloria
246 1730 437 1788 Teucrorum.
480 1730 571 1789 Ferus
592 1729 693 1788 omnia
713 1729 847 1805 Iuppiter
867 1732 964 1806 Argos

103 1808 304 1868 ‘Transtulit:
331 1807 453 1868 incensa
473 1808 571 1868 Danai
591 1810 781 1869 dominantur
800 1809 832 1867 in
853 1813 933 1868 urbe.

104 1890 243 1948 ‘Arduus
264 1900 392 1948 armatos
413 1887 517 1949 mediis
538 1889 569 1948 in
589 1891 746 1949 moenibus
766 1889 885 1948 adstans

104 1969 238 2028 ‘Fundit
258 1987 359 2045 equuS‚
381 1969 532 2046 victorque
553 1969 645 2030 Sinon
669 1969 807 2029 incendia
827 1968 931 2027 miscet

104 2050 284 2108 ‘Insultans
328 2048 423 2140 Portis
443 2049 492 2108 alii
513 2048 713 2126 bipatentibus
733 2050 850 2119 adsunt,
1047 2066 1105 2122 330

105 2128 212 2188 ‘Milia
232 2140 305 2205 quot
324 2128 439 2206 magnis
460 2148 601 2206 umquam
621 2148 728 2189 venere
750 2094 906 2205 Mycehis3

105 2209 279 2269 ‘Obsedere
299 2209 349 2268 alii
369 2210 434 2269 telis
454 2221 578 2301 angusta
599 2208 708 2268 viarum

106 2287 285 2365 ‘Oppositi3
312 2300 370 2348 stat
389 2289 456 2348 ferri
476 2290 554 2349 acies
574 2308 714 2349 mucrone
735 2307 859 2350 corusco

107 2369 240 2440 ‘Stricta
261 2379 363 2446 parata
382 2369 467 2445 neci;
494 2368 543 2428 vix
561 2369 649 2446 primi
669 2369 780 2446 proelia
800 2379 947 2445 temptant

107 2450 281 2508 ‘Portarum
302 2449 411 2526 vigiles,
434 2460 464 2509 et
484 2469 574 2510 caeco
597 2453 693 2509 Marte
713 2449 870 2510 resistunt!
1047 2465 1103 2525 335

106 2528 235 2588 Talibus
255 2529 425 2605 Othryadae
446 2529 532 2588 dictis
554 2541 583 2589 et
603 2529 724 2590 numine
746 2529 847 2589 divom

107 2610 148 2666 In
168 2609 302 2667 flammas
323 2619 353 2668 et
373 2609 404 2667 in
425 2628 506 2669 arma
525 2610 610 2682 seror,
632 2629 692 2685 quo
713 2609 802 2670 tristis
823 2609 936 2686 Erinys,

108 2689 179 2762 Quo
200 2688 330 2748 fremitus
350 2699 438 2749 vocat
458 2700 488 2748 et
508 2691 640 2749 sublatus
661 2691 699 2749 ad
720 2690 838 2749 aethera
858 2691 979 2748 clamor.
1088 2745 1090 2752 ,

107 2768 235 2828 Addunt
255 2787 288 2828 se
309 2769 406 2829 socios
427 2769 562 2846 Rhipeus
583 2780 612 2829 et
633 2769 779 2828 maximus
800 2768 887 2827 armis

107 2850 232 2924 Epytus,
254 2848 345 2907 oblati
364 2868 418 2925 per
437 2850 545 2921 lunam,
569 2849 765 2926 Hypanisque
787 2849 967 2924 Dymasque,
1049 2867 1107 2924 340

108 2929 150 2987 Et
170 2927 252 2987 lateri
266 2928 469 3005 adglomerant
489 2940 599 3000 nostro,
620 2929 794 3004 iuvenisque
816 2929 970 2989 Coroebus

108 3007 317 3084 Mygdonides.
361 3008 423 3067 Illis
444 3010 483 3067 ad
503 3009 624 3068 Troiam
645 3011 721 3069 sorte
740 3008 844 3069 diebus

107 3089 247 3158 Venerat,
268 3087 374 3148 insano
396 3089 580 3150 Cassandrae
598 3089 736 3150 incensus
757 3109 864 3164 amore,

108 3169 149 3226 Et
169 3186 259 3243 gener
278 3167 419 3258 auxilium
441 3168 557 3228 Priamo
579 3169 800 3245 Phrygibusque
820 3170 943 3244 ferebat,

109 3247 230 3386 Rrsffiix,
233 3246 298 3385 tqui
319 3265 381 3306 non
402 3266 528 3322 sponsae
548 3259 707 3326 praecepta
725 3248 849 3309 furentis
1049 3265 1106 3322 345

138 3344 158 3384 u
191 3344 232 3384 en
