2462 3678
155 69 213 125 ²94
407 49 443 108 P.
475 47 664 108 VERGILI
683 45 894 106 MARONIS

154 177 237 234 ‘Rex
257 173 310 234 tibi
330 173 498 252 coniugium
519 184 549 234 et
569 173 715 251 quaesitas
736 173 877 252 sanguine
898 176 989 234 dotes

153 255 314 332 ‘Abnegat
335 265 531 328 externusque
551 253 582 314 in
602 274 725 331 regnum
745 254 892 329 quaeritur
912 257 1014 315 heres.

153 337 186 394 ‘I
208 353 295 408 nnnc,
315 333 434 412 ingratis
455 335 528 394 offer
547 346 586 406 te,
607 334 705 408 indae,
727 334 843 411 periclis
854 357 863 408 ;
1109 353 1167 412 4²5

154 415 343 491 ‘Tyrrhenas
365 413 383 486 i,
406 425 503 474 sterne
523 413 619 486 acies;
640 427 707 491 tege
728 434 803 491 pace
824 415 956 474 Latinos,

154 497 258 554 ‘Haec
277 496 355 554 adeo
375 492 428 552 tibi
448 513 505 566 me,
527 494 646 570 placida
666 514 734 554 cum
755 506 844 556 nocte
863 494 986 567 iaceres,

153 576 242 650 ‘Ipsa
261 576 361 652 palam
381 572 435 634 sari
455 573 645 650 omnipotens
666 574 800 634 Saturnia
819 575 908 634 iussit

153 655 268 730 ‘Quare
288 673 352 730 age,
373 664 403 713 et
424 653 529 712 armari
548 655 660 730 pubem
681 655 831 730 portisque
852 653 966 714 moveri

153 737 280 794 ‘Laetus
294 734 324 793 in
339 753 419 793 arma
432 753 511 810 para,
526 745 558 794 et
572 734 721 810 Phrygios,
736 735 787 810 qui
799 736 919 794 flumine
933 736 1071 811 pulchro
1104 757 1165 811 430

154 815 352 885 ‘Consedere,
374 815 466 874 duces
486 813 642 890 pictasque
662 834 749 874 exme
770 815 889 874 carinas.

154 896 338 956 ‘Caelestum
358 894 402 954 vis
423 913 530 971 magua
549 893 639 954 iubet
683 897 750 954 Rex
769 894 834 971 ipse
855 894 988 967 Latinus,

154 974 212 1034 ‘Ni
232 975 303 1035 dare
323 973 490 1050 coniugium
511 983 542 1033 et
561 973 642 1034 dicto
662 993 765 1050 parere
785 976 897 1047 latetur,

153 1054 291 1125 ‘Sentiat
313 1065 343 1114 et
363 1055 483 1114 tandem
504 1054 637 1112 Turnum
658 1055 824 1130 experiatur
843 1054 874 1113 in
893 1054 1004 1114 armis.¹

193 1135 254 1194 Hic
274 1133 395 1204 iuvenis,
416 1145 515 1194 vatem
535 1133 666 1205 irridens,
688 1134 730 1193 sic
750 1153 817 1194 orsa
836 1134 963 1194 vicissim
1100 1154 1159 1210 435

152 1216 211 1275 Ore
232 1216 335 1274 refert:
357 1214 492 1275 ‘Classes
512 1213 643 1274 invectas
663 1213 822 1291 Thybridis
841 1215 962 1284 undam,

153 1297 252 1368 ‘Non,
273 1305 306 1353 ut
326 1313 397 1364 rere,
419 1313 501 1354 meas
521 1293 622 1370 effugit
642 1295 761 1353 nuntius
781 1313 882 1355 aures:

153 1378 218 1434 ‘Ne
239 1385 338 1433 tantos
358 1373 431 1432 mihi
451 1375 529 1450 finge
549 1385 664 1434 metus:
685 1393 742 1434 nec
760 1375 840 1451 regia
861 1377 938 1434 Iuno
1024 1429 1028 1434 .

153 1457 322 1514 ‘Inmemor
341 1465 386 1514 est
406 1453 504 1514 nostri

154 1535 226 1594 ‘Sed
248 1546 278 1594 te
297 1531 375 1594 victu
395 1534 451 1594 situ
471 1531 590 1610 verique
609 1537 697 1595 effeta
716 1547 859 1608 senectus
1096 1556 1157 1607 440

154 1617 197 1676 ‘O
217 1626 318 1686 mater,
341 1613 416 1673 curis
436 1614 615 1690 nequiquam
637 1626 759 1688 exercet,
782 1628 811 1676 et
831 1635 911 1675 arma

153 1697 284 1771 ‘Regum
305 1694 381 1754 inter
400 1695 474 1753 falsa
494 1706 591 1754 vatem
611 1689 767 1756 formidine
787 1696 868 1756 ludit.

153 1777 248 1835 ‘Cura
268 1774 321 1834 tibi
342 1773 443 1835 divom
463 1774 573 1851 effigies
594 1787 624 1835 et
643 1777 755 1853 templa
775 1775 865 1850 tueri;

154 1856 252 1914 ‘Bella
271 1854 323 1914 viri
344 1873 508 1931 pacemque
527 1867 638 1932 regant,
659 1855 724 1931 quis
745 1857 822 1916 bella
841 1856 988 1932 gerenda!

189 1935 312 1994 Talibus
330 1936 448 1995 Allecto
465 1935 551 1995 dictis
572 1935 678 1996 exarsit
697 1937 727 1995 in
747 1936 811 1996 iras.
1091 1955 1150 2013 445

150 2017 191 2074 At
211 2014 309 2074 iuveni
330 2014 425 2074 oranti
445 2014 556 2075 subitus
578 2027 686 2076 tremor
705 2028 831 2092 occupat
851 2027 947 2090 artus3

151 2095 311 2172 Deriguere
331 2096 425 2156 oculi:
446 2107 492 2156 tot
512 2094 636 2172 Erinnys
657 2095 754 2155 sibilat
774 2094 881 2172 hydris,

150 2177 307 2251 Tantaque
328 2195 360 2234 se
380 2175 469 2235 facies
489 2174 593 2252 aperit.
633 2178 712 2234 Tum
732 2177 869 2235 flammea
888 2186 1031 2249 torquens

150 2255 276 2314 Lumina
297 2267 485 2315 cunctantem
507 2266 537 2315 et
556 2266 745 2331 quaerentem
767 2255 863 2316 dicere
883 2257 968 2331 plura

151 2335 302 2412 Reppulit,
325 2346 354 2394 et
374 2334 508 2412 geminos
529 2335 619 2395 erexit
640 2335 766 2395 crinibus
786 2354 903 2411 angues
1085 2357 1147 2414 450

150 2417 339 2489 Verberaque
358 2414 495 2487 insonuit,
517 2415 679 2490 rabidoque
699 2417 774 2474 haec
794 2415 909 2474 addidit
929 2433 999 2475 ore:

152 2497 223 2566 ‘En,
245 2513 309 2572 ego,
329 2493 408 2554 victa
427 2494 492 2566 situ,
514 2513 601 2570 quam
622 2494 683 2554 veri
703 2497 789 2554 effeta
810 2504 945 2553 senectus

152 2577 257 2634 ‘Arma
277 2575 353 2632 inter
371 2593 471 2650 regum
491 2575 565 2633 falsa
584 2575 741 2633 formidine
761 2574 835 2634 ludit
844 2598 852 2649 3

152 2653 297 2731 ‘Respice
317 2654 355 2712 ad
376 2655 451 2713 haec
462 2676 470 2727 ;
492 2655 596 2713 adsum
618 2654 744 2714 dirarum
764 2656 803 2714 ab
824 2655 894 2714 sede
914 2673 1062 2729 sorornm;

153 2737 250 2795 'Bella
270 2752 360 2793 manu
379 2735 529 2807 letumque
549 2737 635 2809 gero)
1079 2755 1138 2814 455

151 2815 197 2874 Sic
218 2816 305 2874 effata
324 2815 419 2872 facem
439 2812 537 2872 iuveni
557 2812 691 2883 coniecit,
712 2824 742 2871 et
762 2823 826 2872 atro

153 2894 276 2954 Lumine
296 2895 441 2952 fumantes
461 2891 522 2951 fixit
542 2894 597 2952 sub
617 2905 737 2969 pectore
757 2894 868 2952 taedas.

151 2973 210 3034 Olli
231 2992 367 3032 somnum
387 2973 491 3049 ingens
510 2971 619 3048 rumpit
640 2991 739 3048 pavor,
761 2991 887 3048 ossaque
908 2982 938 3031 et
958 2983 1037 3032 artus
1216 2969 1217 3042 i

153 3051 301 3112 Perfundit
322 3063 384 3111 toto
405 3063 561 3128 proruptus
583 3071 705 3128 corpore
726 3053 822 3112 sudor.
1216 3063 1217 3068 ’

148 3137 240 3192 Arma
260 3149 362 3189 amens
382 3131 478 3190 sremit
488 3153 496 3205 ;
517 3151 597 3192 arma
617 3143 682 3191 toro
702 3131 845 3206 tectisque
865 3130 991 3204 requirit
1074 3143 1133 3207 460

151 3209 248 3272 Saevit
268 3228 350 3267 amor
370 3209 435 3266 ferri
456 3220 485 3267 et
506 3211 647 3270 scelerata
666 3211 780 3270 insania
800 3211 877 3282 belli,

153 3294 198 3348 Ira
218 3305 322 3361 super:
343 3305 451 3360 magno
470 3287 560 3346 veluti
579 3308 647 3345 curn
669 3291 788 3348 flamma
808 3308 914 3349 sonore
