2460 3686
384 83 626 143 AENEIDOS
650 84 737 141 ΠΒ.
767 83 831 140 IIL
1051 101 1107 158 ²03

87 207 275 270 ‘Maximus
294 211 376 268 unde
397 221 489 285 pater,
511 209 535 269 si
555 209 609 270 rite
629 209 730 270 audita
751 211 898 284 recordor,

87 292 254 351 ‘Teucrus
276 293 428 350 Rhoeteas
448 291 576 366 primurn
598 301 642 350 est
663 293 803 351 advectus
825 291 856 352 in
877 291 944 352 oras

63 377 70 386 '
87 370 304 447 ‘Optavitque
325 372 424 430 locum
445 390 543 448 regno.
587 373 730 431 Nondum
753 373 841 431 Ilium
862 383 892 432 et
912 391 994 432 arces

88 452 302 527 ‘Pergameae
323 462 482 522 steteraut;
502 450 678 512 habitabant
693 453 818 512 vallibus
838 452 913 512 imis.

87 531 206 590 ‘Hinc
229 534 327 590 Mater
347 533 451 591 cultrix
472 533 602 608 Cybelae
623 533 863 609 Corybantiaque
885 553 953 593 aera

88 613 312 688 ‘Idaeumque
333 632 457 684 nemus;
477 613 547 671 hinc
567 613 628 671 fida
649 613 764 672 silentia
785 614 883 685 sacris,

89 694 153 752 ‘Et
179 693 277 751 iuncti
297 712 413 750 currum
435 692 574 752 dominae
595 694 710 752 subiere
731 696 841 753 leones.

90 775 203 850 ‘Ergo
224 773 310 850 agite,
333 783 362 832 et
383 772 484 832 divom
505 774 618 832 ducunt
639 793 697 849 qua
718 773 797 833 iussa
817 794 982 851 sequamur,

90 856 281 912 ‘Placemus
300 864 406 912 ventos
427 863 457 913 et
478 855 590 914 Cnosia
609 872 699 930 regna
719 865 862 930 petamus

92 937 190 994 ‘Nec
213 936 304 1010 longo
328 934 440 993 distant
464 953 568 992 cursu:
591 936 682 993 modo
710 937 843 1011 Iuppiter
868 935 954 1010 adsit,

93 1012 226 1074 ‘Tertia
246 1017 296 1072 lux
316 1015 439 1073 classem
462 1013 593 1074 Cretaeis
615 1015 698 1074 sistet
719 1015 749 1073 in
770 1017 845 1074 oris!

93 1095 153 1155 Sic
178 1097 259 1153 satus
279 1095 399 1154 meritos
420 1095 476 1154 aris
497 1094 636 1153 mactavit
657 1097 794 1168 honores,

93 1178 242 1234 Taurum
264 1177 415 1251 Neptuno,
437 1187 553 1234 taurum
574 1174 636 1246 tibi,
658 1177 780 1250 pulcher
800 1177 919 1252 Apollo,

95 1256 235 1331 Nigram
257 1255 360 1314 Hiemi
380 1257 535 1331 pecudem,
557 1254 696 1331 Zephyris
717 1255 851 1315 felicibus
871 1258 980 1316 albam.
1052 1277 1107 1314 120

146 1339 246 1395 Fama
266 1337 347 1395 volat
367 1338 486 1412 pulsum
506 1335 602 1411 regnis
623 1335 748 1395 cessisse
769 1337 897 1413 paternis

99 1417 279 1476 Idomenea
299 1418 415 1486 ducem,
438 1417 612 1492 desertaque
633 1416 719 1475 litora
741 1420 855 1490 Cretae,

101 1500 213 1556 Hoste
233 1516 338 1556 vacare
359 1498 474 1570 domos
497 1498 641 1572 sedesque
662 1508 757 1558 astare
777 1499 901 1558 relictas.

101 1577 289 1654 Linquimus
309 1577 448 1654 Ortygiae
468 1589 570 1654 portus
591 1579 755 1654 pelagoque
775 1577 916 1651 volamus',

102 1660 353 1734 Bacchatamque
373 1657 449 1734 iugis
470 1659 578 1716 Naxon
598 1658 781 1735 viridemque
803 1663 966 1734 Donusam,
1054 1677 1106 1734 125

105 1740 244 1800 Olearon
265 1738 441 1814 niveamque
463 1740 560 1797 Paron
581 1757 754 1815 sparsasque
774 1759 828 1818 per
848 1759 958 1815 aequor

104 1819 260 1895 Cycladas
281 1829 311 1878 et
331 1819 438 1878 crebris
458 1819 582 1894 legimus
603 1821 677 1878 freta
697 1822 815 1879 concita
835 1822 925 1880 terris.

107 1899 259 1958 Nauticus
280 1899 407 1958 exoritur
426 1899 508 1958 vario
528 1899 688 1959 certamine
709 1903 838 1975 clamor,

109 1984 281 2040 Hortantur
303 1979 375 2038 socii
397 1982 515 2040 Cretam
537 2000 720 2056 proavosque
742 1993 886 2056 petamus

110 2059 306 2136 Prosequitur
326 2079 447 2136 surgens
468 2080 486 2118 a
506 2060 601 2136 puppi
622 2074 727 2119 ventus
749 2072 863 2132 euntes,
1053 2079 1108 2136 130

110 2144 154 2201 Et
172 2142 297 2200 tandem
318 2142 449 2216 antiquis
468 2143 609 2201 Curetum
630 2140 794 2200 adlabimur
814 2140 879 2199 oris

112 2225 194 2298 Ergo
216 2221 319 2280 avidus
340 2241 439 2280 muros
459 2231 579 2297 optatae
600 2220 705 2279 molior
726 2220 805 2280 urbis
914 2283 917 2286 ,

112 2305 367 2378 Pergameamque
385 2320 470 2376 vom,
495 2312 524 2360 et
544 2303 652 2360 laetam
673 2300 850 2376 cognomine
870 2313 989 2377 gentem

113 2386 231 2442 Hortor
250 2401 348 2440 amare
368 2383 451 2441 focos
471 2401 629 2458 arcemque
650 2385 783 2441 attollere
804 2383 898 2442 tectis

114 2466 242 2538 Iamque
263 2464 323 2520 sere
343 2461 422 2521 sicco
444 2463 609 2521 subductae
629 2461 715 2522 litore
736 2483 868 2539 puppes3
1055 2481 1108 2539 135

114 2542 263 2604 Conubiis
283 2541 417 2618 arvisque
438 2542 523 2602 novis
544 2555 665 2619 operata
685 2543 821 2626 iuventus
832 2565 840 2616 ;
874 2534 902 2611 3]

115 2627 187 2682 Iura
207 2624 373 2700 domosque
394 2625 521 2694 dabam;
546 2622 645 2682 subito
666 2643 734 2682 curn
756 2624 857 2684 tahida
875 2619 1017 2684 inembris

115 2707 266 2779 Corrupto
287 2703 359 2763 caeli
380 2714 475 2762 tractu
495 2701 720 2780 miserandaque
740 2704 820 2762 venit

115 2785 340 2860 Arboribusque
362 2784 489 2860 satisque
510 2785 574 2843 lues
595 2795 625 2842 et
645 2784 739 2843 letifer
759 2803 860 2842 annus.

115 2863 308 2941 Linquebant
327 2865 428 2924 dulces
449 2863 561 2923 animas
582 2876 632 2923 aut
652 2883 739 2940 aegra
758 2866 914 2924 trahebant
1056 2883 1112 2936 140

117 2948 260 3022 Corpora,
283 2955 346 3004 tum
367 2945 478 3004 steriles
499 2949 620 3004 exurere
639 2944 729 3004 Sirius
750 2963 842 3020 agros,

116 3027 251 3086 Arebant
271 3026 380 3086 herbae
395 3035 430 3085 ‘et
450 3025 561 3084 victum
582 3043 666 3100 seges
686 3043 774 3099 aegra
794 3027 929 3100 negabat.

118 3109 232 3166 Rursus
252 3107 292 3164 ad
313 3107 442 3165 oraclum
464 3104 602 3182 Ortygiae
623 3106 835 3180 Phoebumque
856 3124 991 3165 remenso

121 3190 265 3247 Hortatur
284 3197 368 3262 pater
387 3186 429 3245 ire
449 3186 521 3244 mari
540 3185 717 3260 veniamque
737 3184 857 3260 precari,

119 3268 219 3342 Quam
239 3266 322 3326 fessis
342 3267 433 3324 finem
452 3267 540 3325 rebus
560 3266 641 3337 ferat,
663 3265 744 3324 unde
764 3267 899 3324 laborum
1057 3280 1110 3340 145

121 3349 280 3424 'l'emptare
299 3345 439 3406 auxilium
460 3345 568 3419 iubeat,
586 3363 647 3421 quo
668 3355 781 3405 vertere
801 3363 911 3406 cursus.
