2460 3686
365 67 633 162 'Annaroos
657 102 742 160 rra
772 103 797 160 r
1038 123 1091 182 175

90 229 241 290 ‘Finibus
266 231 422 306 expulsum
445 228 555 305 patriis,
581 248 659 288 nova
681 248 771 305 regna
794 239 943 305 petentem
1034 230 1093 288 620

92 310 238 370 ‘Auxilio
263 309 344 384 Beli3
373 307 488 385 genitor
509 319 571 368 tum
594 311 682 368 Belus
706 309 837 385 opimam

92 392 262 450 ‘Vastabat
284 391 414 466 Cyprum
439 400 470 449 et
491 389 586 448 victor
606 389 719 449 ditione
743 391 871 449 tenebat.

92 473 267 546 ‘Tempore
289 468 349 528 iam
370 488 408 529 ex
430 468 481 529 illo
503 487 589 528 casus
612 469 685 527 mihi
708 469 843 546 cognitus
867 467 947 529 urbis

93 549 267 610 ‘Troianae
291 569 460 624 nomenque
484 559 567 608 tuum
590 568 733 625 regesque
759 549 879 626 Pelasgi.
907 585 911 594 ·

93 632 191 707 ‘Ipse
213 629 307 688 hostis
329 631 461 689 Teucros
483 629 590 705 insigni
611 629 699 688 laude
722 629 842 700 serebat,
1035 631 1091 705 625

94 713 217 786 ‘Seque
241 720 339 768 ortum
362 710 484 784 antiqua
506 711 689 769 Teucrorum
713 728 731 767 a
753 707 841 785 stirpe
865 709 988 768 volebat

95 791 220 864 ‘Quare
244 789 320 865 agite
343 809 361 848 o
382 788 476 860 tectis,
500 788 631 859 iuvenes,
656 788 807 849 succedite
831 789 945 848 nostris

96 873 176 930 ‘Me
198 889 318 946 quoque
341 888 394 945 per
415 871 523 928 multos
547 868 649 928 similis
672 871 789 928 fortuna
812 869 927 928 labores

96 953 266 1009 ‘lactatam
287 951 343 1009 hac
364 949 486 1008 demum
509 949 603 1008 voluit
626 948 786 1008 consistere
809 959 903 1008 terra:

96 1031 193 1089 ‘Non
216 1031 316 1106 ignara
337 1029 406 1087 mali
431 1028 541 1088 miseris
563 1047 729 1088 succurrere
751 1029 852 1088 disco’
1036 1029 1095 1102 630

96 1109 150 1171 Sic
175 1118 338 1183 memorat;
365 1109 451 1168 simul
474 1111 600 1168 Aenean
621 1107 653 1167 in
675 1108 754 1184 regia
775 1109 857 1168 ducit

94 1193 205 1262 Tecta,
231 1189 317 1248 simul
338 1189 438 1248 divom
462 1189 582 1264 templis
602 1187 706 1247 indicit
729 1190 881 1247 honorem.

97 1273 170 1330 Nec
193 1267 291 1328 minus
315 1267 426 1328 interea
449 1268 537 1328 sociis
558 1269 597 1328 ad
618 1268 705 1327 litora
727 1267 817 1328 mittit

95 1347 215 1426 Viginti
236 1358 342 1422 tauros,
368 1367 542 1424 magnorum
564 1348 713 1408 horrentia
733 1360 852 1408 centum

96 1432 201 1506 Terga
222 1448 316 1500 suum,
340 1428 463 1504 pingues
487 1440 606 1488 centum
630 1448 698 1487 curn
720 1428 861 1488 matribus
884 1447 985 1506 agnos,
1036 1429 1093 1503 635

99 1512 230 1568 Munera
254 1508 454 1584 laetitiamque
476 1509 526 1568 dii.

101 1593 144 1649 At
168 1589 275 1648 domus
296 1587 417 1647 interior
439 1587 529 1664 regali
551 1589 706 1665 splendida
729 1590 800 1648 luxu

101 1668 267 1740 Instruitur,
293 1667 457 1743 mediisque
481 1679 584 1745 parant
605 1666 739 1727 convivia
760 1667 863 1729 tectisr

100 1753 176 1808 Arte
199 1751 348 1807 laboratae
372 1759 468 1808 vestes
492 1759 632 1824 ostroque
655 1750 791 1825 superbo,

102 1831 215 1905 Ingens
238 1839 391 1903 argentum
413 1827 531 1900 mensis,
556 1829 728 1904 caelataque
750 1828 781 1887 in
805 1847 877 1888 auro
1037 1829 1095 1900 640

103 1906 205 1967 Fortia
227 1909 305 1966 facta
324 1918 450 1984 patrum,
473 1906 562 1967 series
585 1908 755 1986 longissima
776 1927 871 1968 rerurn

103 1990 163 2048 Per
184 1998 230 2047 tot
253 1988 344 2046 ducta
366 1987 443 2046 viros
464 1987 586 2064 antiqua
609 1989 647 2048 ab
669 1987 905 2064 originegentis.

145 2070 263 2128 Aeneas
286 2066 394 2144 (neque
419 2067 498 2125 enim
522 2068 631 2144 patrius
655 2067 814 2127 consistere
838 2077 970 2126 mentem

104 2151 213 2207 Passus
235 2146 330 2223 amor)
352 2146 488 2223 rapidum
511 2149 550 2206 ad
573 2167 663 2208 naves
684 2146 845 2224 praemittit
866 2149 1010 2218 Achaten,

103 2227 245 2288 Ascanio.
258 2228 331 2286 serat
353 2229 434 2300 haec,
459 2227 614 2304 ipsumque
636 2229 676 2287 ad
697 2227 816 2286 moenia
837 2227 944 2302 ducat,
1039 2227 1095 2302 645

104 2306 213 2368 Omnis
235 2306 266 2365 in
289 2306 419 2366 Ascanio
444 2307 503 2366 cari
525 2318 582 2367 stat
603 2327 673 2366 cura
695 2306 831 2384 parentis

104 2389 235 2446 Munera
258 2397 409 2462 praeterea
430 2385 528 2445 Iliacis
552 2397 653 2462 erepta
676 2387 766 2447 ruinis

104 2469 194 2526 Ferre
216 2465 306 2537 iubet,
329 2467 437 2542 pallam
461 2465 549 2543 signis
571 2487 700 2544 auroque
722 2467 864 2544 rigentem
927 2475 932 2482 '

104 2549 146 2606 Et
166 2545 389 2605 circumtextum
410 2565 516 2606 croceo
537 2547 673 2609 velamen
692 2550 828 2619 acantho,

80 2673 83 2678 .
104 2627 237 2687 Ornatus
256 2625 381 2702 Argivae
404 2627 551 2698 Helenae,
572 2646 647 2703 quos
668 2628 717 2686 illa
738 2627 882 2703 Mycenis,
1039 2628 1099 2702 650

106 2708 252 2780 Pergama
272 2725 340 2764 cum
361 2716 474 2782 peteret
494 2706 744 2782 inconcessosque
764 2710 952 2782 hymenaeos,

105 2786 270 2859 Extulerat,
290 2785 390 2845 matris
412 2787 512 2845 Ledae
533 2785 665 2846 mirabile
689 2788 802 2846 donum
812 2807 822 2859 3

105 2868 263 2924 Praeterea
282 2876 438 2941 sceptrum,
461 2866 558 2926 Ilione
579 2868 660 2942 quod
681 2875 809 2942 gesserat
829 2863 910 2936 olim,

105 2944 241 3004 Maxima
261 2954 396 3004 natarum
418 2943 533 3019 Priami,
556 2947 693 3020 colloque
714 2945 824 3005 monile

105 3027 250 3083 Bacatum
272 3034 301 3084 et
321 3023 470 3101 duplicem
491 3023 615 3102 gemmis
635 3044 766 3102 auroque
786 3043 934 3086 coronam
1041 3025 1099 3100 655

107 3105 196 3163 Haec
216 3105 347 3163 celerans
366 3104 422 3164 iter
440 3106 480 3164 ad
500 3124 590 3165 naves
611 3105 754 3167 tendebat
773 3107 910 3165 Achates.

147 3186 187 3242 At
209 3184 357 3260 Cytherea
370 3203 468 3244 novas
488 3194 573 3258 artes,
594 3203 673 3244 nova
693 3195 812 3262 pectore
832 3194 928 3245 versat

105 3261 249 3334 Consilia,
271 3274 305 3322 ut
324 3262 430 3322 faciem
449 3274 579 3324 mutatus
600 3274 630 3323 et
650 3283 702 3324 ora
722 3263 842 3340 Cupido

107 3344 166 3402 Pro
187 3340 266 3401 dulci
286 3340 416 3401 Ascanio
435 3341 543 3414 veniat,
565 3342 713 3417 donisque
732 3345 876 3401 furentem
