2442 3686
380 133 620 194 AENEIDOS
643 133 729 191 LIB.
755 133 830 188 XII.

106 253 231 327 Ictibus,
251 265 304 314 aut
324 273 425 346 sparsa
444 256 483 315 ad
503 275 638 350 pugnam
653 257 783 334 proludit
796 257 913 315 harena.

149 337 215 394 Nec
235 334 332 394 minus
353 335 465 394 interea
484 331 638 397 maternis
644 357 748 398 saevus
768 337 800 397 in
820 339 907 398 armis

106 417 226 474 Aeneas
246 414 326 474 acuit
347 417 476 475 Martem
497 427 527 476 et
547 435 579 476 se
600 417 721 476 suscitat
741 417 792 490 ira,

104 497 220 556 Oblato
240 495 374 570 gaudens
387 493 528 568 componi
549 495 667 555 foedere
687 496 804 555 bellum.

103 577 186 633 Tum
207 574 304 634 socios
324 575 490 650 maestique
510 587 623 633 metum
644 578 754 635 solatur
775 574 841 650 Iuli,

104 657 182 713 Fata
202 656 323 726 docens,
345 655 466 730 regique
486 653 569 713 iubet
590 675 730 732 respousa
751 657 859 716 Latino

103 737 198 796 Certa
217 735 323 793 referre
343 733 432 804 viros
453 745 482 793 et
501 735 583 810 pacis
604 734 704 794 dicere
724 738 811 812 leges.

115 841 118 845 ²
148 817 270 874 Postera
289 813 338 872 vix
359 833 490 872 summos
511 817 665 890 spargebat
686 815 796 874 lumine
818 827 934 876 montes

103 896 182 955 Orta
202 893 275 965 dies,
297 913 365 951 cum
386 893 513 969 primum
534 895 594 953 alto
615 914 646 954 se
667 895 779 971 gurgite
801 897 908 954 tollunt

103 975 183 1034 Solis
204 972 283 1049 equi,
303 975 460 1048 lucemque
481 973 564 1032 elatis
584 975 704 1032 naribus
724 976 840 1035 efflant:

104 1057 257 1130 Campum
277 1053 316 1111 ad
337 1064 485 1111 certamen
505 1072 628 1128 magnae
649 1055 704 1112 sub
725 1054 880 1113 moenibus
902 1053 980 1114 urbis

104 1133 244 1193 Dimensi
266 1133 429 1208 Rutulique
449 1131 502 1190 viri
523 1133 688 1208 Teucrique
709 1136 860 1208 parabant,

104 1217 144 1272 In
166 1213 325 1288 medioque
346 1213 428 1270 focos
449 1222 479 1270 et
500 1211 545 1270 dis
567 1212 775 1272 communibus
796 1233 859 1272 aras

1 1359 5 1364 ,
104 1293 290 1352 Gramineas.
332 1292 391 1349 Alii
411 1293 583 1366 fontemque
604 1291 762 1367 ignemque
782 1295 924 1368 ferebant,

102 1373 205 1431 Velati
225 1373 305 1444 limo,
328 1383 358 1431 et
379 1373 507 1430 verbena
528 1382 660 1446 tempora
680 1370 777 1431 vincti.

104 1451 246 1512 Procedit
265 1450 342 1527 legio
363 1450 559 1522 Ausonidum,
582 1450 730 1526 pilataque
751 1451 844 1528 plenis

103 1531 235 1608 Agmina
255 1551 287 1590 se
306 1531 434 1589 fundunt
454 1529 553 1606 portis.
599 1530 682 1589 Hinc
702 1532 809 1591 Troius
830 1531 926 1592 omnis

104 1613 333 1688 Tyrrhenusque
353 1611 411 1668 ruit
430 1610 516 1668 variis
537 1610 680 1670 exercitus
701 1611 797 1684 armis,

105 1694 200 1751 Haud
221 1710 305 1750 secus
326 1689 457 1748 instructi
478 1690 562 1761 ferro,
583 1709 673 1765 quam
693 1690 718 1750 si
738 1712 841 1768 aspera
861 1692 965 1759 Martis

104 1775 211 1848 Pugna
230 1780 323 1830 vocet.
368 1772 514 1828 Necnon
535 1770 639 1829 mediis
660 1769 691 1829 in
711 1771 830 1831 milibus
850 1771 905 1848 ipsi

104 1854 255 1911 Ductores
275 1869 346 1909 auro
367 1849 490 1908 volitant
511 1860 650 1924 ostroque
671 1851 797 1925 superbi,

103 1935 145 1990 Et
165 1949 257 2006 genus
277 1929 412 1989 Assaraci
435 1931 617 2001 Mnestheus,
640 1940 669 1988 et
689 1930 771 1988 fortis
791 1930 895 2004 Asilas,

103 2015 145 2070 Et
167 2013 323 2086 Messapus
344 2028 453 2084 equum
474 2009 611 2099 domitor,
635 2009 786 2085 Neptunia
805 2013 914 2102 proles..

104 2093 224 2166 thue
230 2090 300 2149 dato
321 2089 405 2166 signo
426 2088 520 2164 spatia
540 2088 570 2146 in
591 2107 644 2147 sua
664 2089 789 2165 quisque
809 2090 937 2163 recessit,

103 2172 247 2246 Defigunt
267 2169 363 2228 telluri
383 2170 481 2227 hastas
502 2178 532 2227 et
552 2179 635 2227 scuta
655 2169 804 2227 reclinant.

102 2253 184 2310 Tum
205 2249 304 2308 studio
326 2249 435 2308 effusae
455 2258 562 2307 matres
583 2258 613 2307 et
633 2249 764 2324 volgus
756 2269 901 2308 inermum

103 2329 291 2404 Invalidique
312 2348 398 2387 senes
419 2338 511 2386 turres
532 2340 562 2386 et
582 2338 661 2387 tecta
681 2331 837 2388 domorum

103 2410 257 2470 Obsedere
267 2431 276 2484 ;
296 2408 346 2466 alii
366 2407 458 2484 portis
479 2407 654 2467 sublimibus
675 2410 799 2467 adstant

143 2492 184 2547 At
205 2491 283 2548 Iuno
304 2507 322 2547 e
342 2507 467 2559 summo,
489 2487 540 2563 qui
560 2507 641 2546 nunc
661 2489 793 2548 Albanus
814 2491 989 2564 habetur,—

102 2571 183 2628 Tum
200 2587 297 2643 neque
313 2587 423 2627 nomen
440 2576 501 2626 er'at
516 2585 572 2626 nec
591 2569 686 2627 honos
705 2579 756 2626 aut
774 2569 866 2644 gloria
882 2569 1017 2630 monti-
1040 2586 1093 2647 135

104 2647 291 2725 Prospiciens
312 2649 426 2707 tumulo
447 2667 585 2723 campum
607 2649 799 2722 adspectabat
820 2661 849 2708 et
869 2652 972 2709 ambas

103 2731 285 2788 Laurentum
305 2730 477 2802 Troumque
497 2725 575 2784 acies
596 2728 760 2801 urbemque
781 2727 886 2786 Latini.

103 2808 261 2882 Extemplo
280 2806 374 2866 Turni
394 2806 436 2865 sic
448 2815 501 2866 'est
521 2807 621 2864 adfata
640 2824 779 2878 sororem,

102 2889 182 2947 Diva
202 2889 298 2960 deam,
320 2885 429 2962 stagnis
450 2905 526 2960 quae
547 2884 774 2960 fluminibusque
795 2884 908 2946 sonoris

103 2966 269 3039 Praesidet;
289 2968 369 3026 hunc
389 2964 430 3023 illi
451 2984 501 3023 rex
522 2965 647 3024 aetheris
667 2967 742 3023 altus
762 2966 905 3024 honorem
1039 2987 1095 3042 140

102 3046 236 3123 Iuppiter
257 3057 357 3122 erepta
377 3063 430 3121 pro
450 3044 613 3120 virginitate
635 3044 771 3104 sacravit:

104 3127 271 3202 ‘Nympha
294 3128 385 3185 decus
405 3123 569 3196 fluviorum,
591 3124 691 3183 animo
710 3123 875 3200 gratissima
894 3137 1003 3200 nostro,

103 3207 193 3276 ‘Scis
215 3215 249 3264 ut
269 3216 298 3265 te
319 3205 433 3264 cunctis
453 3223 552 3276 uuam,
574 3223 780 3279 quaecumque
801 3203 924 3264 Latinae

102 3284 305 3361 ‘Magnanimi
327 3284 406 3344 Iovis
427 3285 572 3360 ingratum
593 3285 773 3343 adscendere
793 3283 899 3356 cubile,

104 3363 321 3438 ‘Praetulerim
344 3363 476 3440 caelique
497 3363 592 3422 libens
612 3363 643 3421 in
663 3374 745 3440 parte
766 3362 900 3422 locatim:
1036 3379 1091 3440 145
1190 3381 1193 3391 ·
