2460 3686
398 81 637 140 AENEIDOS
663 81 747 138 LIB.
779 82 842 138 IIL
1062 101 1117 162 215

113 209 162 267 Et
183 208 284 267 lunam
305 207 337 268 iu
357 205 459 267 nimbo
480 226 540 267 nox
559 207 736 284 intempesta
757 210 883 270 tenebat.

163 289 287 348 Postera
306 286 424 364 iamque
444 287 508 348 dies
528 288 624 365 primo
645 289 781 365 surgebat
802 292 876 364 Eoo,

114 370 345 445 Umentemque
365 372 480 428 Aurora
500 372 572 444 polo
593 368 758 429 dimoverat
778 372 932 432 umbramr

116 450 203 510 Cum
224 448 322 509 subito
343 468 360 509 e
380 447 459 509 silvis
479 448 575 509 macie
595 451 730 509 confecta
750 469 886 527 suprema
1060 468 1118 531 590

24 588 31 594 .
117 529 225 606 Ignoti
245 548 323 589 nova
343 531 438 589 forma
457 528 510 588 viri
531 528 756 606 miserandaque
776 533 857 590 cultu

117 609 262 670 Procedit
282 610 465 687 supplexque
485 629 590 669 manus
611 612 649 669 ad
669 609 754 670 litora
774 610 877 672 tendit

117 689 332 767 Respicimus:
353 691 417 750 dira
436 689 560 750 inluvies
580 689 759 766 inmissaque
781 693 880 764 barba,

118 773 304 832 Consertum
324 781 462 846 tegumen
482 769 574 846 spinis
583 792 593 844 3
613 780 643 829 at
663 781 761 830 cetera
781 772 897 845 Graius,

118 853 164 910 Et
185 851 335 928 quondam
355 849 455 926 patriis
475 851 515 910 ad
534 851 655 910 Troiam
675 851 781 910 missus
802 850 834 910 in
854 851 949 912 armis.
1060 869 1116 929 595

120 934 217 1006 Isque
235 929 287 990 ubi
306 930 475 990 Dardanios
495 931 611 991 habitus
632 941 662 990 et
681 934 772 990 Troia
790 931 863 990 vidit

119 1014 216 1070 Arma
235 1012 346 1088 procul,
367 1013 489 1088 paulum
509 1022 631 1087 aspectu
651 1011 824 1071 conterritus
845 1011 939 1072 haesit

121 1090 339 1168 Continuitque
359 1092 481 1168 gradum
491 1112 500 1164 ;
520 1110 590 1151 mox
610 1109 675 1150 sese
695 1093 735 1150 ad
755 1092 841 1151 litora
860 1109 1000 1168 praeceps

121 1174 204 1233 Cum
224 1172 294 1231 fletu
315 1172 509 1248 precibusque
529 1171 614 1232 tulit:
637 1174 711 1230 ‘Per
731 1171 827 1230 sidera
847 1181 946 1244 testor,

121 1255 203 1312 ‘Per
223 1270 344 1328 superos
364 1263 455 1328 atque
474 1253 532 1311 hoc
552 1250 627 1311 caeli
647 1251 786 1328 spirabile
806 1271 925 1324 numen,
1060 1253 1118 1310 600

124 1333 254 1392 ‘Tollite
274 1351 331 1403 me,
352 1332 460 1393 Teucri
470 1352 481 1405 3
499 1351 702 1408 quascumque
722 1332 861 1392 abducite
882 1341 989 1391 terras:

124 1415 217 1472 ‘Hoc
237 1423 282 1472 sat
302 1411 363 1472 erit.
405 1413 474 1473 Scio
494 1431 542 1473 me
564 1413 676 1472 Danais
696 1431 714 1472 e
734 1411 877 1472 elassibus
898 1431 998 1483 unum,

123 1496 184 1554 ‘Et
203 1494 283 1553 bello
304 1493 413 1552 Iliacos
432 1494 525 1553 fateor
545 1492 665 1569 petiisse
686 1502 816 1569 penates.

124 1576 202 1633 ‘Pro
223 1593 292 1650 quo,
315 1571 340 1632 si
360 1572 477 1633 sceleris
496 1583 580 1633 tanta
599 1583 644 1632 est
664 1571 768 1632 iniuria
788 1570 889 1645 nostri,

124 1653 276 1731 ‘Spargite
296 1672 345 1713 me
365 1652 396 1712 in
417 1653 521 1712 fluctus
541 1665 686 1730 vastoque
705 1652 859 1730 inmergite
879 1663 981 1730 ponto.
1061 1653 1117 1728 605

123 1735 174 1794 ‘Si
195 1753 293 1810 pere0,
314 1733 469 1793 hominum
489 1733 627 1793 manibus
647 1735 768 1810 periisse
788 1734 918 1793 iuvabit’

122 1816 257 1887 Dixerat,
279 1825 308 1874 et
328 1833 424 1891 genua
444 1815 595 1890 amplexus
615 1813 797 1890 genibusque
817 1815 953 1874 volutans

123 1896 287 1954 Haerebat.
330 1893 390 1970 Qui
410 1893 448 1954 sit
467 1894 530 1963 fari,
551 1913 611 1972 quo
631 1894 774 1971 sanguine
794 1904 899 1967 cretus,

124 1978 298 2047 Hortamur,
320 1993 396 2050 quae
417 1975 526 2034 deinde
546 1976 637 2051 agitet
658 1977 774 2034 fortuna
794 1975 885 2033 fateri.

123 2058 197 2132 Ipse
217 2065 300 2132 pater
319 2055 453 2114 dextram
473 2055 619 2115 Anchises
638 2055 719 2114 haud
739 2055 832 2112 multa
852 2063 981 2112 moratus
1062 2054 1120 2110 610

123 2139 188 2196 Dat
208 2134 314 2210 iuveni,
338 2145 427 2210 atque
447 2135 579 2194 animum
599 2133 747 2212 praesenti
766 2133 888 2210 pignore
908 2135 1012 2193 firmat.

69 2239 76 2248 ·
123 2217 182 2276 Ille
202 2216 276 2276 haec
296 2217 432 2292 deposita
451 2216 572 2276 tandem
593 2214 750 2275 formidine
769 2215 862 2273 fatur:

126 2299 216 2358 ‘Sum
237 2297 332 2372 patria
351 2315 388 2355 ex
409 2296 521 2368 Ithaca,
543 2315 644 2356 comes
665 2294 789 2354 infelicis
810 2293 900 2368 Ulixi,

126 2377 276 2437 ‘Nomine
296 2377 541 2449 Achaemenides,
564 2377 684 2435 Troiam
705 2377 836 2452 genitore
856 2377 1020 2435 Adamasto

125 2460 279 2534 ‘Paupere
300 2454 526 2534 (mansissetque
546 2457 659 2515 utinam
679 2455 826 2534 fortunat)
847 2457 1004 2532 profectus.
1062 2456 1118 2531 615

125 2538 208 2597 ‘Hic
228 2556 286 2611 me,
307 2538 380 2597 dum
400 2537 508 2613 trepidi
528 2537 658 2595 cmdelia
678 2538 779 2596 limina
799 2538 946 2612 linquunt,

126 2620 328 2677 ‘Inmemores
349 2617 421 2676 socii
441 2629 525 2676 vasto
547 2618 685 2694 Cyclopis
705 2619 737 2675 in
757 2627 841 2676 antro

125 2701 316 2757 ‘Desemere
361 2700 478 2757 Domus
498 2697 580 2756 sanie
601 2698 787 2773 dapibusque
808 2697 944 2768 cruentis,

125 2780 230 2839 ‘Intus
250 2796 353 2854 opaca,
375 2779 486 2854 ingens.
530 2779 601 2853 Ipse
621 2778 727 2836 arduus
748 2778 866 2852 altaque
886 2776 987 2851 pulsat

126 2857 248 2918 ‘Sidera
269 2858 312 2937 (di
333 2859 422 2917 talem
443 2858 526 2918 terris
546 2856 667 2917 avertite
688 2866 802 2932 pestem
814 2859 833 2934 l)
1062 2855 1121 2913 620

126 2941 211 2999 ‘Nec
231 2938 296 2998 visu
315 2937 408 2998 facilis
428 2957 484 2997 nec
505 2938 585 2998 dictu
606 2936 729 2995 affabilis
750 2934 808 2994 ulli.

127 3018 313 3078 ‘Visceribus
333 3017 505 3077 miseromm
526 3028 555 3077 et
576 3016 716 3093 sanguine
737 3017 864 3075 vescitur
883 3024 953 3074 atro.

127 3098 215 3158 ‘Vidi
236 3108 354 3175 egomet
374 3099 434 3158 duo
455 3100 494 3159 de
514 3117 637 3157 numero
658 3116 727 3156 cum
748 3115 871 3172 corpora
891 3107 992 3155 nostro

127 3182 256 3240 ‘Prensa
276 3197 367 3238 manu
386 3197 495 3254 magna
514 3179 613 3238 medio
634 3175 788 3254 resupinus
808 3178 839 3236 in
859 3188 944 3235 antro

128 3261 303 3334 ‘Frangeret
323 3259 363 3316 ad
383 3277 495 3330 saxum,
517 3258 658 3333 sanieque
678 3276 800 3331 expersa
820 3265 954 3314 natarent
1062 3255 1098 3311 62
1103 3269 1118 3327 5

129 3337 264 3398 ‘Limina
273 3359 282 3412 ;
302 3336 363 3396 vidi
383 3347 447 3396 atro
470 3355 538 3394 cum
558 3339 691 3395 membra
710 3335 830 3394 fluentia
850 3336 920 3392 tabo
1010 3364 1012 3369 ·
