2462 3678
401 85 639 146 AENEIDOS
664 85 748 144 LIB.
780 85 848 143 VII.
1062 99 1119 153 301

111 217 194 274 Nec
214 215 369 292 quisquam
390 226 503 274 aeratas
524 215 602 273 acies
624 232 659 271 ex
680 211 798 288 agmine
819 223 904 272 tanto

112 296 246 355 Misceri
266 307 368 372 putet:
390 295 498 354 aeriam
519 295 573 353 sed
593 291 704 370 gurgite
725 293 764 352 ab
784 293 845 351 alto

112 377 252 452 Urgueri
271 377 424 436 volucrum
445 393 595 434 raucarum
618 374 656 431 ad
678 372 764 432 litora
780 372 898 432 nubem.
1065 388 1119 449 705

165 459 253 527 Ecce,
275 455 451 516 Sabinorum
471 455 569 530 prisco
590 454 629 513 de
650 451 791 528 sanguine
812 471 953 528 magnum

110 536 239 612 Agmen
262 555 354 612 agens
375 537 510 605 Clausus
532 532 690 609 magnique
711 532 775 608 ipse
796 533 920 608 agminis
941 532 1039 605 instar,

114 616 252 676 Claudia
273 635 353 674 nunc
373 635 390 673 a
411 634 471 690 quo
493 612 664 673 diffunditur
685 623 715 671 et
735 612 827 672 tribus
849 624 878 671 et
898 632 971 689 gens
1026 673 1030 680 ,

115 697 182 755 Per
202 695 334 769 Latium,
356 706 517 771 postquam
536 693 568 752 in
588 705 702 769 partem
724 694 794 752 data
816 695 914 752 Roma
933 690 1056 752 Sabinis.

116 777 197 835 Una
217 775 321 852 ingens
341 775 497 834 Amiterna
517 775 622 833 cohors
643 771 790 849 priscique
811 772 949 846 Quirites
1062 789 1119 846 710

117 855 208 915 Ereti
228 874 334 913 manus
355 855 451 914 omnis
473 853 679 929 oliviferaeque
701 856 874 912 Mutuscae:

117 935 185 1009 Qui
206 937 390 995 Nomentum
410 937 522 1007 urbem,
545 933 595 1009 qui
616 937 717 992 Rosea
736 953 802 992 rura
823 932 930 1004 Velini,

118 1015 185 1090 Qui
205 1014 342 1075 Tetricae
362 1015 505 1074 horrentis
526 1033 615 1091 rupes
635 1027 828 1087 montemque
849 1015 988 1072 Severum

118 1095 356 1172 Casperiamque
376 1097 478 1155 colunt
500 1095 683 1168 Forulosque
704 1106 733 1153 et
754 1095 864 1152 flumen
886 1093 1036 1153 Himellae
1047 1117 1054 1167 3

118 1175 184 1250 Qui
204 1175 334 1235 Tiberim
357 1175 553 1250 Fabarimque
573 1175 687 1246 bibunt,
709 1193 785 1249 quos
805 1173 908 1249 frigida
929 1172 1007 1233 misit
1061 1191 1115 1251 715

118 1254 240 1327 Nursia,
262 1266 292 1315 et
313 1256 460 1315 Hortinae
481 1257 590 1314 classes
610 1254 771 1330 populique
792 1253 898 1324 Latini,

119 1336 266 1410 Quosque
288 1355 391 1396 secans
411 1335 571 1395 infaustum
593 1333 721 1394 interluit
742 1334 820 1393 Allia
839 1354 967 1395 nomen:

118 1418 221 1490 Quam
243 1417 327 1475 multi
349 1416 461 1492 Libyco
482 1417 637 1474 volvuntur
657 1434 802 1474 marmore
822 1415 935 1486 fluctus,

117 1498 232 1554 Saevus
253 1495 304 1554 ubi
324 1496 417 1557 Orion
438 1495 567 1555 hibernis
587 1495 724 1555 conditur
743 1495 847 1568 undis;

117 1577 179 1635 Vel
201 1595 269 1634 cum
290 1578 353 1636 sole
373 1596 453 1636 novo
474 1577 584 1635 densae
605 1587 749 1635 torrentur
769 1575 882 1648 aristae,
1058 1591 1115 1648 7²0

116 1657 183 1716 Aut
204 1655 310 1716 Hermi
330 1675 446 1732 campo,
468 1669 519 1716 aut
540 1655 648 1732 Lyciae
668 1657 842 1716 flaventibus
863 1655 945 1715 arvis

117 1738 211 1796 Scuta
232 1747 347 1810 sonant,
369 1738 515 1812 pulsuque
536 1736 646 1812 pedum
668 1736 824 1796 conterrita
844 1738 937 1796 tellus.

163 1815 245 1875 Hinc
265 1817 526 1892 Agamemnonius,
549 1817 670 1876 Troiani
691 1816 819 1876 nominis
839 1818 940 1888 hostis,

118 1898 215 1957 Curru
237 1897 328 1972 iungit
350 1899 480 1956 Halesus
502 1915 602 1971 equos
624 1898 787 1972 Turnoque
807 1897 920 1956 feroces

101 1976 206 2035 'Mille
227 1976 301 2052 rapit
322 1979 460 2053 populos,
481 1988 598 2036 vertunt
619 1976 716 2036 felicia
738 1977 855 2036 Baccho
1057 1993 1111 2052 725

119 2055 251 2115 Massica
270 2057 321 2131 qui
340 2057 446 2128 rastris,
468 2068 497 2116 et
517 2075 592 2132 quos
613 2057 651 2116 de
671 2057 795 2116 collibus
825 2054 890 2116 altis

120 2135 250 2195 Aurunci
269 2136 373 2196 misere
393 2149 499 2214 patres,
520 2137 710 2212 Sidicinaque
730 2136 810 2196 iuxta

118 2218 278 2291 Aequora;
309 2217 419 2292 quique
442 2219 530 2277 Cales
550 2217 694 2291 linquunt,
716 2217 871 2291 amnisque
890 2213 994 2276 vadosi

118 2297 234 2354 Accola
255 2297 401 2369 Volturni,
423 2297 590 2373 pariterque
611 2296 756 2357 Saticulus
776 2316 869 2374 asper,

119 2379 326 2453 Oscorumque
347 2397 458 2436 manus.
502 2379 624 2437 Teretes
645 2390 713 2437 sunt
732 2379 851 2454 aclydes
871 2376 926 2436 illis
1057 2395 1113 2453 730

118 2457 213 2531 Tela;
236 2458 290 2516 sed
310 2458 383 2517 haec
404 2460 486 2516 lento
507 2476 572 2517 mos
593 2469 637 2517 est
658 2472 760 2535 aptare
780 2460 904 2535 flagello,

119 2537 234 2596 Laevas
255 2549 352 2597 caetra
373 2538 463 2614 tegit,
483 2537 581 2597 falcati
603 2540 767 2599 comminus
788 2559 881 2599 enses.

160 2618 227 2675 Nee
247 2627 279 2675 tu
299 2617 478 2677 carminibus
499 2617 604 2678 nostris
626 2619 752 2678 indictus
773 2619 876 2690 abibis,

119 2696 242 2768 Oebale,
264 2715 353 2773 quern
374 2715 528 2773 generasse
548 2700 645 2758 Telon
667 2698 825 2758 Sebethide
846 2698 978 2776 nympha

119 2777 230 2847 Fertur,
253 2778 422 2838 Teleboum·
440 2780 570 2854 Capreas
591 2797 659 2836 cum
680 2797 769 2854 regna
790 2790 910 2850 teneret,
1054 2795 1109 2855 735

120 2856 185 2914 Iam
208 2856 324 2932 senior,
347 2857 446 2933 patriis
467 2860 520 2917 sed
541 2877 601 2917 non
623 2869 652 2916 et
673 2858 748 2917 filius
769 2858 842 2916 arvis

120 2937 287 2996 Contentus
308 2938 367 2996 late
387 2936 445 2997 iam
466 2948 528 2996 tum
551 2937 667 2997 dicione
687 2939 839 3013 premebat

118 3017 263 3076 Sarrastes
283 3019 413 3094 populos
434 3029 464 3077 et
485 3036 562 3092 quae
582 3017 656 3094 rigat
677 3037 806 3093 aequora
826 3020 940 3090 Sarnus,

120 3095 241 3170 Quique
263 3099 369 3156 Rufras
391 3099 590 3173 Batulumque
611 3109 714 3159 tenent
733 3110 823 3175 atque
843 3119 912 3159 arva
933 3101 1101 3170 Celemnae,

119 3177 159 3235 Et
179 3194 255 3252 quos
275 3178 424 3238 maliferae
445 3180 620 3254 despectant
640 3179 760 3238 moenia
777 3181 911 3255 Abellae,
967 3253 969 3258 Ι
1053 3196 1110 3253 740

118 3255 286 3317 Teutonico
307 3256 363 3317 ritu
383 3257 461 3317 soliti
482 3269 617 3334 torquere
638 3260 764 3320 cateias:

118 3335 265 3412 Tegmina
285 3337 351 3414 quis
371 3336 502 3415 capitum
523 3350 623 3416 raptus
644 3340 682 3399 de
703 3342 809 3401 subere
829 3352 936 3414 cortex,
