2460 3686
316 159 322 172 ,
370 93 610 152 Anxurnas
631 95 716 152 rra.
739 95 785 152 rr.
1021 104 1075 166 195

72 224 158 282 Cum
179 224 255 283 ferro
274 221 403 281 accisam
423 219 591 298 crebrisque
611 220 788 298 bipennibus
808 221 918 283 instant

70 305 191 362 Emere
211 301 355 378 agricolae
376 301 526 377 certatim;
548 302 598 361 illa
618 322 711 378 usque
732 302 859 362 minatur

72 385 118 441 Et
139 384 312 442 tremefacta
331 402 449 441 comam
470 401 615 442 concusso
636 383 745 443 vertice
765 393 857 457 nutat,

71 462 261 522 Volneribus
282 464 380 522 donec
400 463 541 539 paulatim
563 463 658 522 evicta
678 481 847 539 supremum
1019 467 1078 539 630

73 541 261 618 Congemuit
280 542 425 618 traxitque
445 542 520 619 iugis
541 545 641 602 avolsa
660 543 783 604 ruinam.

73 624 251 695 Descend0,
274 643 309 682 ac
330 623 459 683 ducente
479 625 537 682 deo
557 624 706 682 flammam
727 623 804 684 inter
824 635 853 684 et
873 624 973 684 hostes

75 703 249 779 Expedior3
276 705 350 763 dant
370 705 428 762 tela
448 706 555 774 locum,
577 705 771 779 flammaeque
792 707 941 764 recedunt.

119 787 242 860 ‘Atque
262 783 312 843 ubi
333 783 393 842 iam
412 783 525 860 patriae
545 794 720 859 perventum
741 785 780 843 ad
801 784 902 842 limina
922 783 1000 843 sedis

72 864 286 940 Antiquusque
308 864 422 936 domos,
443 864 566 940 genitor,
588 883 677 941 quem
697 865 799 924 tollere
820 864 851 922 in
871 866 946 923 altos
1022 865 1077 937 635

73 948 233 1021 Optabam
254 943 381 1020 primum
402 959 517 1004 montes
539 943 725 1020 primumque
746 947 892 1020 petebam,

72 1028 221 1101 Abnegat
241 1025 339 1084 excisa
358 1023 448 1084 vitam
469 1025 632 1100 producere
653 1024 751 1094 Troia,

72 1105 288 1180 Exsiliumque
308 1102 377 1180 pati.
421 1108 500 1164 ‘Vos
522 1124 549 1177 o,
572 1105 679 1180 quibus
698 1103 810 1179 integer
829 1103 893 1162 aevi

73 1185 244 1262 ‘Sanguis'
265 1185 313 1258 ait,
337 1185 525 1261 ‘solidaeque
546 1204 600 1244 suo
621 1195 700 1244 stant
720 1186 826 1244 robore
846 1183 930 1256 vires,

77 1269 166 1326 ‘Vos
186 1265 294 1341 agitate
315 1267 422 1341 fugam.
1023 1267 1081 1334 640

76 1349 155 1406 ‘Me
177 1345 201 1404 si
223 1345 378 1405 caelicolae
399 1347 561 1406 voluissent
581 1346 688 1405 ducere
708 1344 808 1417 vitam,

76 1429 169 1486 ‘Has
191 1425 263 1484 mihi
284 1437 447 1485 servassent
468 1427 560 1486 sedes.
604 1426 679 1485 Satis
699 1445 759 1484 una
779 1443 923 1500 superque

78 1506 242 1565 ‘Vidimus
264 1505 386 1577 excidia,
408 1517 439 1566 et
458 1509 571 1581 captae
587 1506 787 1580 superavimus
808 1506 881 1564 urbi.

80 1587 150 1647 ‘Sic
172 1605 191 1645 o
212 1585 254 1644 sic
274 1586 403 1662 positum
424 1586 515 1646 adlati
536 1585 678 1646 discedite
698 1605 814 1662 corpus.

80 1669 176 1742 ‘Ipse
196 1685 286 1724 manu
307 1678 433 1725 mortem
454 1665 619 1726 inveniam:
648 1666 832 1726 miserebitur
850 1664 952 1738 hostis,
1024 1667 1081 1740 645

81 1745 291 1821 ‘Exuviasque
312 1757 401 1822 petet.
445 1746 551 1806 Facilis
572 1746 682 1806 iactura
703 1747 835 1823 sepulcri.

81 1830 170 1886 ‘Iam
192 1826 305 1901 pridem
326 1826 437 1885 invisus
458 1827 532 1886 divis
553 1839 582 1886 et
601 1825 711 1886 inutilis
731 1846 824 1886 annos

82 1910 259 1977 ‘Demoror‚
282 1926 318 1965 ex
338 1926 398 1982 quo
419 1926 467 1966 me
488 1908 589 1966 divom
610 1918 694 1983 pater
713 1920 802 1982 atque
821 1905 976 1965 hominum
996 1922 1046 1962 rex

82 1985 249 2046 ‘Fulminis
269 1987 390 2046 adflavit
410 1986 512 2058 ventiS,
535 1998 565 2047 et
585 1987 708 2063 contigit
728 1986 807 2062 igni!

80 2066 174 2127 Talia
194 2067 340 2142 perstabat
361 2086 537 2140 memorans,
560 2069 693 2142 fixusque
714 2067 860 2125 manebat
1026 2064 1085 2135 650

82 2150 154 2208 Nos
174 2158 277 2205 contra
296 2148 380 2206 effusi
401 2146 535 2220 lacrimis,
557 2147 745 2222 coniunxque
767 2147 878 2206 Creusa

81 2226 294 2302 Ascaniusque
314 2227 470 2302 omnisque
491 2229 605 2300 domus,
627 2246 665 2287 ne
686 2237 797 2286 vertere
818 2245 919 2285 secum

85 2310 207 2368 Cuncta
226 2318 309 2383 pater
327 2308 448 2383 satoque
468 2306 603 2383 urguenti
622 2307 794 2366 incumbere
813 2309 909 2366 vellet.
929 2380 932 2387 ,

86 2390 236 2463 Abnegat,
257 2386 435 2463 inceptoque
456 2398 485 2447 et
507 2387 627 2447 sedibus
647 2389 748 2447 haeret
769 2387 799 2445 in
819 2387 922 2447 isdem.

87 2470 204 2527 Rursus
224 2465 254 2525 in
276 2486 356 2525 arma
375 2469 459 2539 feror,
482 2479 667 2544 mortemque
689 2467 865 2526 miserrimus
886 2476 966 2543 opto.
1030 2465 1086 2538 655

89 2550 170 2606 Nam
191 2547 272 2623 quod
294 2547 448 2606 consilium
470 2558 520 2607 aut
541 2567 617 2623 quae
638 2547 697 2606 iarn
717 2549 835 2607 fortuna
856 2547 1003 2606 dabatur?

89 2630 203 2686 ‘Mene
224 2629 325 2686 efferre
345 2630 462 2704 pedem,
485 2627 608 2704 genitor,
630 2639 659 2688 te
681 2647 770 2704 posse
790 2628 895 2688 relicto

90 2707 261 2782 ‘Sperasti?
285 2718 459 2783 tantumque
480 2709 561 2767 nefas
582 2709 678 2784 patrio
700 2707 810 2767 excidit
830 2708 904 2766 ore?

91 2787 138 2847 ‘Si
159 2787 232 2845 nihil
253 2806 289 2845 ex
309 2797 391 2846 tanta
411 2786 524 2863 superis
544 2789 642 2864 placet
662 2790 735 2848 urbe
754 2786 888 2861 relinqui,

91 2869 149 2926 ‘Et
170 2867 253 2926 sedet
273 2867 333 2925 hoc
353 2865 461 2938 animo,
483 2867 688 2943 perituraeque
708 2867 818 2926 addere
838 2863 946 2924 Troiae
1031 2865 1089 2921 660

91 2949 217 3022 ‘Teque
237 2957 365 3021 tuosque
386 2947 474 3020 iuvat,
497 2959 579 3023 patet
599 2947 647 3007 isti
668 2948 756 3007 ianua
775 2949 844 3018 leto,

92 3029 236 3102 ‘Iamque
256 3027 351 3086 aderit
371 3027 464 3086 multo
485 3028 591 3087 Priami
613 3029 651 3088 de
671 3027 814 3103 sanguine
835 3027 968 3102 Pyrrhus,

92 3109 242 3166 ‘Gnatum
262 3117 335 3165 ante.
352 3126 404 3166 ora
423 3108 521 3182 patris,
544 3119 657 3184 patrem
679 3108 730 3184 qui
751 3109 906 3167 obtruncat
927 3107 965 3165 ad
989 3123 1060 3163 aras.

93 3189 183 3245 ‘Hoc
205 3196 275 3258 erat,
296 3188 374 3245 alma
394 3206 508 3262 parens,
531 3190 612 3264 quod
633 3207 681 3246 me
702 3207 754 3263 per
774 3189 841 3259 tela,
864 3206 916 3262 per
936 3186 1017 3262 ignes

93 3265 216 3340 ‘Eripis
239 3276 272 3324 ut
292 3265 398 3324 mediis
418 3266 535 3326 hostem
556 3266 587 3324 in
607 3266 813 3342 penetralibus
838 3277 931 3339 utque
1032 3265 1088 3335 665

93 3344 271 3407 ‘Ascanium
294 3355 467 3424 patremque
488 3363 588 3404 meum
609 3347 748 3419 iuxtaque
769 3345 912 3404 Creusam

906 3470 1000 3524 13-2
