2460 3686
380 91 619 150 AENEIDOS
644 89 727 148 LIB.
750 89 774 146 J
777 91 806 149 V.
1033 106 1090 163 233

63 242 194 319 ‘Quin
214 261 335 314 morere,
357 251 391 300 ut
409 239 515 302 merita
535 261 575 316 es,
598 242 734 317 ferroque
755 251 854 300 averte
875 239 1017 299 dolorem.

64 327 150 383 ‘Tu
180 323 307 382 lacrimis
329 322 423 382 evicta
443 321 526 396 meis,
549 333 582 381 tu
603 323 698 398 prima
717 323 862 381 furentem

62 403 179 474 ‘His‚
201 421 348 478 germana,
371 401 456 460 malis
476 420 590 474 oneras,
612 412 702 477 atque
722 401 816 460 obicis
835 399 922 460 hosti

65 485 183 543 ‘Non
204 481 286 542 licuit
307 481 428 540 thalami
448 492 598 556 expertem
620 482 682 540 sine
703 479 825 540 crimine
845 480 936 540 vitam
1033 495 1090 555 550

65 566 237 640 ‘Degere
259 580 341 621 more
362 563 448 634 ferae,
471 563 544 620 tales
565 579 622 620 nec
642 572 761 637 tangere
781 565 881 620 curasl

66 645 183 703 ‘Non
204 652 317 702 servata
336 643 418 715 fides,
442 641 533 701 cineri
554 640 697 718 promissa
717 641 879 718 Sychaeol'

65 727 212 783 Tantos
232 722 283 781 illa
303 741 357 781 suo
377 722 534 798 rumpebat
554 733 674 797 pectore
694 732 823 798 questus.

128 806 257 863 Aeneas
277 802 355 861 celsa
375 801 406 859 in
427 801 531 877 puppi,
553 800 612 860 iam
633 812 729 862 certus
751 799 851 872 eundi,

70 884 249 960 Carpebat
269 900 398 952 somnos
420 881 507 941 rebus
527 879 585 940 iam
607 881 661 941 rite
681 881 797 958 paratis.
1034 895 1090 956 555

73 963 183 1022 Huic
204 982 235 1022 se
256 963 350 1021 sonna
370 960 419 1020 dei
439 963 522 1021 voltu
542 961 692 1021 redeuntis
712 962 819 1022 eodem

72 1041 215 1105 Obtulit
235 1040 266 1100 in
287 1041 407 1114 somnis,
428 1061 586 1117 rursusque
606 1042 648 1101 ita
667 1041 730 1101 visa
749 1059 870 1101 monere
891 1052 944 1114 est,

75 1122 210 1184 Omnia
231 1123 380 1181 Mercurio
401 1120 512 1194 similis,
533 1139 700 1196 vocemque
719 1123 909 1198 coloremque

77 1205 135 1262 Et
158 1202 253 1262 crines
273 1203 365 1262 flavos
386 1213 416 1262 et
435 1203 570 1260 membra
589 1202 698 1261 decora
718 1202 850 1262 iuventa:

78 1286 193 1342 ‘Nate
213 1283 277 1353 dea,
299 1293 386 1358 potes
406 1283 465 1340 hoc
485 1284 541 1340 sub
561 1301 631 1341 casu
652 1282 760 1342 ducere
781 1284 920 1342 somnos?
1034 1283 1092 1357 560

82 1367 188 1436 ‘Nec,
211 1382 287 1438 quae
307 1374 337 1422 te
357 1361 469 1420 circum
490 1373 569 1422 stent
590 1362 700 1422 deinde
720 1363 859 1438 pericula,
881 1361 986 1434 cernis,

83 1447 254 1515 ‘Demens
277 1462 333 1501 nec
354 1443 502 1518 Zephyros
523 1442 607 1502 audis
628 1443 735 1519 spirare
756 1444 924 1502 secundos?

86 1525 171 1583 ‘Illa
191 1524 276 1582 dolos
297 1522 454 1598 dirumque
475 1524 558 1582 nefas
579 1522 609 1580 in
630 1535 751 1600 pectore
770 1533 874 1595 versat,

87 1606 204 1665 ‘Certa
224 1602 308 1673 mori,
329 1601 484 1678 variosque
505 1602 610 1661 irarum
631 1603 761 1663 concitat
781 1614 885 1664 aestus.

89 1686 190 1744 ‘Non
204 1683 279 1760 fugis
293 1682 364 1741 hinc
377 1701 529 1759 praeceps,
543 1683 615 1741 dum
629 1684 821 1760 praecipitare
835 1687 989 1760 potestas?
1035 1684 1090 1759 565

91 1767 186 1824 ‘Iam
207 1782 289 1822 mare
309 1761 418 1823 turbari
438 1762 578 1837 trabibus,
601 1783 761 1841 saevasque
781 1764 895 1823 videbis

90 1845 283 1904 ‘Conlucere
303 1844 391 1914 faces,
414 1842 471 1900 iam
492 1844 602 1903 fervere
622 1843 708 1903 litora
727 1845 861 1916 flammis,

92 1925 146 1984 ‘Si
166 1935 197 1984 te
217 1923 262 1982 his
283 1923 411 2000 attigerit
432 1922 513 1982 terris
528 1925 640 1982 Aurora
660 1935 831 1984 morantem.

93 2004 199 2064 ‘Heia
219 2023 281 2081 age,
304 2022 409 2079 rumpe
429 2023 535 2062 moras.
578 2003 699 2062 Varium
720 2016 750 2064 et
770 2003 910 2063 mutabile
932 2022 1048 2080 semper

93 2084 259 2144 ‘Femina’
300 2084 348 2144 Sic
368 2085 446 2142 fatus
467 2082 548 2143 nocti
568 2103 600 2143 se
620 2084 779 2143 immiscuit
799 2095 885 2142 atrae.
1035 2099 1093 2159 570

137 2168 218 2223 Tum
237 2183 307 2223 vero
328 2167 446 2222 Aeneas
467 2162 571 2222 subitis
592 2164 743 2224 exterritus
764 2164 875 2224 umbris

93 2243 228 2320 Corripit
248 2264 264 2303 e
286 2263 392 2303 somno
413 2262 529 2319 corpus,
553 2244 709 2320 sociosque
733 2244 854 2320 fatigat:

94 2323 300 2400 ‘Praecipites
320 2323 446 2400 vigilate,
469 2323 532 2398 viri,
556 2335 586 2383 et
606 2323 751 2384 considite
772 2323 920 2398 transtris3

94 2403 231 2466 ‘Solvite
252 2405 317 2463 vela
337 2403 396 2462 citi.
441 2405 523 2462 Deus
544 2405 662 2463 aethere
682 2404 789 2464 missus
810 2407 847 2464 ab
871 2407 933 2464 alto

95 2485 271 2544 ‘Festinare
291 2485 391 2560 lugam
413 2494 566 2560 tortosque
587 2483 716 2544 incidere
736 2487 821 2545 funes
1036 2499 1091 2560 575

96 2567 201 2624 ‘Ecce
221 2563 327 2624 iterum
349 2562 519 2622 instimulat.
562 2565 717 2641 Sequimur
738 2578 774 2640 te,
797 2576 898 2625 sancte
920 2565 1052 2635 deorum,

97 2643 259 2721 ‘Quisquis
280 2663 320 2714 es,
342 2643 525 2720 imperioque
546 2644 649 2704 iterum
670 2665 806 2721 paremus
827 2654 957 2704 ovantes.

98 2724 209 2784 ‘Adsis
231 2744 250 2782 o
270 2722 462 2800 placidusque
482 2723 573 2796 iuveS,
595 2734 625 2783 et
646 2725 741 2785 sidera
761 2726 844 2784 caelo

98 2807 231 2864 ‘Dextra
250 2802 343 2864 feras?
387 2801 478 2874 Dixit,
499 2804 663 2880 vaginaque
683 2804 769 2880 eripit
793 2823 894 2864 ensem

98 2883 298 2954 Fulmineum,
321 2882 482 2958 strictoque
501 2883 568 2942 serit
588 2884 749 2943 retinacula
768 2885 850 2942 ferro.
1035 2885 1094 2959 580

99 2963 187 3024 Idem
209 2982 315 3022 omnes
334 2962 421 3020 simul
441 2963 527 3021 ardor
547 2963 657 3036 habet;
682 2963 859 3039 rapiuntque
879 2974 1043 3040 ruuntque:

97 3045 201 3104 Litora
221 3044 393 3116 deseruere3
427 3043 498 3101 latet
518 3045 573 3102 sub
594 3042 735 3102 classibus
755 3062 883 3119 aequor;

98 3121 209 3184 Adnixi
230 3131 369 3197 torquent
390 3141 508 3198 spumas
528 3133 558 3181 et
578 3125 693 3182 caerula
715 3135 841 3183 verrunt.

140 3202 259 3262 Etiam
280 3202 374 3279 prima
395 3221 473 3262 novo
494 3203 650 3277 spargebat
669 3203 781 3263 lumine
805 3215 895 3263 terras

100 3282 224 3344 Tithoni
244 3299 381 3342 croceum
402 3282 539 3358 linquens
560 3285 674 3341 Aurora
694 3283 798 3343 cubile.
1035 3285 1092 3358 585

102 3363 218 3440 Regina
238 3381 255 3422 e
276 3361 402 3438 speculis
423 3371 456 3420 ut
475 3360 601 3438 primurn
621 3363 770 3422 albescere
790 3364 886 3421 lucem
