2462 3678
162 35 220 95 266
415 36 451 95 P.
486 35 678 94 VERGILJ
698 37 905 96 MARONIS

1212 85 1213 122 l

162 159 324 235 Postquam
345 157 477 238 conlapsi
498 159 611 220 cineres
633 169 662 220 et
683 160 800 220 flamma
821 156 941 236 quievit,

162 237 316 316 Reliquias
336 239 407 300 vino
433 250 463 301 et
484 237 613 300 bibulam
636 240 731 300 lavere
754 238 889 313 favillam,
1212 215 1213 292 l

161 319 296 395 Ossaque
317 320 393 380 lecta
413 321 489 380 cado
511 319 582 380 texit
601 321 770 396 Corynaeus
791 323 873 379 aeno

161 398 248 458 Idem
269 409 314 460 ter
332 399 427 460 socios
449 419 520 476 pura
541 399 719 460 circumtulit
741 401 830 472 unda,

68 531 71 536 .
159 478 304 554 Spargens
325 498 389 541 rore
412 481 469 540 levi
490 492 519 542 et
543 499 625 540 ramo
646 479 738 540 felicis
759 479 861 552 olivae,
1109 501 1164 556 230
1212 481 1213 538 l

160 558 366 636 Lustravitque
385 560 471 634 viros,
495 561 628 637 dixitque
649 559 808 620 novissima
830 561 923 620 verba

159 640 201 698 At
223 638 289 715 pius
310 643 427 700 Aeneas
448 641 560 719 ingenti
582 642 660 701 mole
682 641 867 716 sepulchrum
1212 611 1213 691 l

159 718 290 794 Inponit,
312 739 422 797 suaque
442 741 523 782 arma
545 720 607 781 viro
629 739 802 796 remumque
823 722 991 796 tubamque,
1212 750 1213 837 p

160 799 267 860 Monte
289 801 345 860 sub
366 800 444 860 aerio
456 823 465 876 ;
488 801 540 878 qui
564 820 643 860 nunc
667 801 800 860 Misenus
821 802 859 860 ab
880 799 930 859 illo

158 877 282 952 Dicitur,
304 891 514 958 aeternumque
535 892 615 942 tenet
636 901 688 957 per
708 881 825 940 saecula
846 899 963 939 nomen.
1104 900 1158 956 235
1212 878 1213 925 l

199 958 257 1018 His
278 960 351 1020 actis
372 979 496 1037 propere
518 960 684 1037 exsequitur
705 970 860 1036 praecepta
881 960 1019 1037 Sibyllae

156 1039 303 1114 Spelunca
322 1043 381 1100 alta
399 1042 453 1101 suit
475 1053 618 1118 vastoque
641 1039 777 1100 immanis
799 1040 888 1112 hiatu,

156 1120 294 1195 Scrupea,
317 1130 379 1180 tuta
400 1123 466 1181 lacu
489 1123 571 1199 nigro
592 1139 805 1197 nemorumque
826 1118 972 1195 tenebris;
1212 1146 1213 1227 p

157 1199 256 1274 Quam
277 1219 364 1276 super
380 1203 459 1262 haud
481 1205 557 1262 ullae
578 1212 712 1278 poterant
733 1201 845 1276 inpune
868 1202 999 1261 volantes

155 1281 293 1341 Tendere
313 1279 368 1341 iter
389 1281 505 1357 pinnis:
530 1282 595 1342 talis
617 1301 680 1342 sese
701 1281 808 1340 halitus
829 1281 898 1340 atris
1100 1303 1156 1352 240
1212 1276 1213 1323 l

156 1360 303 1420 Faucibus
323 1362 478 1422 effundens
500 1383 605 1439 supera
625 1363 664 1422 ad
687 1381 820 1421 convexa
842 1362 971 1423 serebat:

156 1437 260 1520 [Unde
271 1442 380 1500 -locum
398 1442 469 1502 Grai
491 1444 627 1503 dixerunt
648 1441 768 1502 nomine
790 1439 935 1521 Acmon]
1212 1406 1213 1483 l

155 1521 303 1595 Quattuor
322 1520 371 1580 hic
389 1522 516 1598 primum
539 1523 685 1600 nigrantes
703 1533 784 1599 terga
804 1521 945 1582 iuvencos

156 1599 326 1675 Constituit,
349 1602 497 1680 frontique
518 1601 640 1680 invergit
660 1602 729 1662 vina
750 1604 904 1675 sacerdos;

155 1684 194 1742 Et
214 1700 344 1741 summas
365 1701 487 1758 carpens
508 1684 606 1743 media
627 1683 703 1742 inter
723 1702 834 1742 cornua
852 1693 947 1742 saetas

154 1761 277 1837 Ignibus
299 1761 416 1839 inponit
438 1763 535 1836 sacris,
557 1763 697 1823 libamina
720 1762 823 1839 prima,

152 1843 236 1903 Voce
258 1861 368 1902 vocans
391 1845 536 1915 Hecaten,
561 1845 703 1920 caeloque
728 1843 886 1918 Ereboque
906 1851 1071 1918 potentem

151 1923 330 1999 Supponunt
352 1923 402 1984 alii
424 1925 541 1997 cultros
565 1925 758 2000 tepidumque
780 1941 913 1982 cruorem

152 2003 323 2079 Succipiunt
345 2003 460 2080 pateris
503 2007 573 2081 Ipse
594 2003 649 2064 atri
667 2002 781 2063 velleris
803 2021 909 2080 agnam

151 2085 268 2142 Aeneas
289 2083 375 2143 matri
398 2084 598 2145 Eumenidum
619 2103 802 2161 magnaeque
824 2081 915 2142 sorori
1091 2100 1144 2158 ²50

153 2164 232 2222 Ense
253 2162 326 2236 serit,
350 2165 536 2242 sterilemque
557 2164 619 2239 tibi,
639 2164 821 2240 Proserpina,
846 2182 973 2223 vaccam
1131 2190 1133 2194 ·

151 2244 231 2301 Tum
255 2243 356 2320 Stygio
375 2245 436 2320 regi
457 2256 615 2305 nocturnas
637 2244 757 2304 incohat
779 2263 851 2316 aras,

152 2324 191 2381 Et
214 2322 308 2382 solida
330 2323 445 2400 inponit
469 2335 617 2385 taurorum
641 2325 753 2385 viscera
772 2322 905 2396 flammis,
1212 2340 1213 2376 l

151 2402 264 2478 Pingue
288 2422 375 2479 super
396 2404 494 2463 oleum
517 2407 643 2465 fundens
665 2405 836 2465 ardentibus
857 2403 939 2464 extis.
1212 2459 1213 2474 ,

149 2483 228 2543 Ecce
249 2492 358 2558 autem,
376 2483 463 2560 primi
483 2485 537 2545 sub
558 2485 669 2546 lumina
690 2484 760 2545 solis
782 2496 811 2546 et
833 2495 922 2557 ortus
1088 2502 1136 2560 255
1212 2501 1213 2562 ζ

148 2563 211 2623 Sub
231 2563 357 2639 pedibus
379 2563 490 2640 mugire
513 2566 616 2640 solum,
638 2577 668 2627 et
690 2566 758 2642 iuga
781 2576 888 2641 coepta
908 2563 1020 2624 moveri

148 2642 299 2716 Silvarum,
321 2642 460 2719 visaeque
481 2665 569 2706 canes
591 2647 702 2707 ululare
724 2665 776 2723 per
796 2647 938 2716 umbram,

148 2725 336 2784 Adventante
358 2725 422 2784 dea
464 2727 588 2785 ‘Procul
608 2745 635 2800 o,
657 2728 761 2803 procul
782 2736 852 2799 este,
874 2722 1003 2802 profani'

150 2803 324 2863 Conclamat
346 2815 435 2878 vates,
461 2808 599 2882 ‘totoque
618 2805 748 2866 absistite
768 2807 855 2866 luco:

148 2885 275 2960 ‘Tuque
296 2883 403 2945 invade
428 2883 515 2959 viam,
537 2884 700 2963 vaginaque
722 2885 802 2962 eripe
824 2886 950 2958 serrum3
1083 2888 1133 2940 260

148 2965 256 3022 ‘Nunc
278 2962 382 3023 animis
405 2984 488 3041 opus,
511 2969 622 3039 Aenea,
647 2984 726 3024 nunc
747 2975 867 3041 pectore
888 2966 990 3022 firmo)
1212 2991 1213 2999 ¹

147 3044 278 3101 Tantum
300 3044 395 3116 effata,
418 3046 516 3104 furens
538 3055 622 3104 antro
643 3064 674 3105 se
696 3043 805 3103 inmisit
825 3055 940 3119 aperto:

147 3122 203 3180 Ille
226 3123 335 3180 ducem
359 3123 440 3182 haud
462 3123 573 3182 timidis
595 3125 753 3182 vadentem
774 3123 908 3199 passibus
928 3133 1043 3200 aequat.
1212 3140 1213 3207 l

189 3199 237 3269 Di,
254 3199 362 3275 quibus
376 3200 530 3275 imperium
544 3212 588 3260 est
602 3201 774 3275 animarum,
790 3204 981 3278 Umbraeque
995 3202 1111 3272 silentes,
1177 3255 1180 3260 .

147 3281 184 3339 Et
208 3279 316 3353 Chaos,
339 3290 370 3338 et
393 3279 586 3358 Phlegethon,
609 3282 675 3338 loca
696 3291 783 3345 nocte
808 3281 937 3345 tacentia
956 3284 1024 3358 late,
1077 3286 1125 3368 ²⁶5
1212 3272 1213 3332 Ῐ
