2460 3686
383 99 623 159 AENEIDOS
650 101 735 158 LIB.
773 103 803 158 V.
1034 117 1088 174 257

56 233 228 292 ‘Urbem
252 229 327 290 odiis
349 229 419 290 satis
442 241 495 303 est,
517 249 574 290 nec
595 250 724 306 poenam
748 241 828 290 traxe
850 250 902 307 per
926 249 1062 291 omnem:

59 311 266 388 ‘Reliquias
290 310 407 382 Troiae,
431 310 544 370 cineres
569 322 659 387 atque
683 330 751 370 ossa
771 322 944 388 peremptae

58 391 291 468 ‘Insequitur
335 393 447 452 Causas
471 391 546 450 tanti
570 391 642 451 sciat
664 391 715 451 illa
738 391 849 450 luroris.

60 476 183 550 ‘Ipse
208 471 282 530 mihi
304 490 399 548 nuper
422 471 542 548 Libycis
562 483 595 531 tu
617 471 699 531 testis
723 469 754 530 in
779 471 875 543 undiS,

61 555 214 628 ‘Quam
235 553 345 611 molem
366 550 464 611 subito
485 551 617 611 excierit:
639 550 730 610 maria
747 551 847 611 omnia
867 554 950 612 caelo
1032 567 1089 630 790

65 632 246 704 ‘Miscuit
266 631 379 691 Aeoliis
401 631 584 708 nequiquam
606 633 680 692 freta
702 631 849 708 procellis,

66 716 149 772 ‘In
178 711 275 789 regnis
292 714 351 772 hoc
373 731 445 772 ausa
467 713 533 772 tuis.

68 801 79 826 ‘
101 797 172 853 Per
197 795 293 852 scelus
315 811 385 852 eece
410 791 499 852 etiam
521 791 659 852 Troianis
681 791 823 852 matribus
845 793 919 854 actis

69 873 233 933 ‘Exussit
255 874 343 932 foede
367 891 495 950 puppes,
518 883 549 933 et
570 875 664 933 classe
689 874 804 950 subegit

71 953 233 1014 ‘Amissa
256 953 353 1012 socios
373 953 491 1029 ignotae
514 952 648 1030 linquere
671 964 772 1013 terrae.
1034 966 1099 1031 795'

73 1035 208 1110 ‘Quod
232 1044 370 1110 superest,
394 1053 455 1105 oro,
479 1032 566 1093 liceat
588 1035 658 1094 dare
683 1044 745 1092 tuta
767 1054 818 1109 per
840 1036 936 1094 undas

75 1115 191 1174 ‘Vela
211 1114 272 1184 tibi,
296 1113 383 1173 liceat
403 1115 582 1174 Laurentem
606 1115 747 1192 attingere
769 1114 921 1190 Thybrim,

77 1194 140 1255 ‘Si
167 1213 308 1254 concessa
332 1204 410 1270 pet0,
435 1193 459 1253 si
480 1195 552 1252 dant
572 1213 608 1254 ea
628 1193 748 1254 moenia
768 1197 895 1254 Parcae.²

129 1277 215 1334 Tum
238 1273 390 1334 Saturnius
413 1275 488 1333 haec
512 1274 641 1334 domitor
665 1274 752 1333 maris
777 1274 870 1334 edidit
893 1274 962 1334 alti:

80 1358 172 1414 ‘Fas
195 1374 284 1414 omne
309 1366 361 1425 est,
388 1356 541 1431 Cytherea,
565 1354 638 1414 meis
663 1365 693 1415 te
714 1356 805 1414 fidere
832 1355 937 1431 regnis,
1033 1357 1091 1413 800

81 1436 207 1495 ‘Unde
230 1454 322 1512 genus
343 1435 434 1494 ducis
479 1434 577 1494 Merui
598 1454 738 1512 quoque;
759 1454 849 1512 saepe
869 1437 979 1496 furores

82 1515 284 1592 ‘Compressi
304 1526 334 1575 et
353 1515 466 1575 rabiem
486 1526 599 1575 tantam
621 1515 753 1592 caelique
776 1516 930 1592 marisque.

84 1599 181 1656 ‘Nec
204 1595 300 1656 minor
323 1595 458 1655 interris
483 1595 650 1674 (Xanthum
674 1597 884 1672 Simoentaque
906 1597 1008 1674 testor)

85 1680 235 1736 ‘Aeneae
255 1676 327 1734 mihi
348 1675 486 1738 curatui
531 1678 610 1737 Cum
631 1675 720 1736 Troia
741 1676 870 1736 Achilles

87 1757 288 1816 ‘Exanimata
308 1775 435 1832 sequens
455 1755 622 1833 inpingeret
640 1757 759 1833 agmina
778 1757 875 1830 muris,
1032 1758 1089 1832 805

88 1837 203 1896 ‘Milia
225 1839 318 1896 multa
338 1839 422 1896 daret
442 1838 512 1910 let0,
534 1848 744 1914 gemerentque
768 1837 872 1914 repleti

89 1921 235 1990 ‘Amnes
261 1937 317 1978 nec
338 1915 464 1993 reperire
485 1917 563 1976 viam
587 1928 677 1994 atque
702 1919 836 1977 evolvere
857 1928 957 1992 posset

89 2001 154 2057 ‘In¹
174 2017 253 2057 mare
274 2018 305 2058 se
327 1998 472 2069 Xanthus,
495 1997 615 2058 Pelidae
638 2010 708 2057 tunc
729 2016 784 2072 ego
804 1998 872 2056 forti

89 2082 313 2154 ‘Congressum
334 2080 459 2138 Aenean
480 2097 536 2137 nee
557 2077 602 2137 dis
622 2097 680 2138 nec
700 2076 811 2136 viribus
831 2075 932 2152 aequis

91 2160 204 2218 ‘Nube
221 2178 294 2217 cava
309 2158 401 2234 rapui,
423 2177 562 2234 cuperem
584 2178 653 2217 cum
673 2167 785 2216 vertere
806 2157 844 2216 ab
865 2157 925 2216 imo
974 2183 975 2186 ¹
1033 2158 1091 2214 810

92 2242 233 2299 ‘Structa
252 2238 326 2297 meis
347 2237 485 2297 manibus
505 2237 637 2315 periurae
661 2237 780 2296 moenia
800 2236 913 2296 Troiae.

92 2323 206 2378 ‘Nunc
228 2338 348 2396 quoque
370 2338 454 2378 mens
476 2320 583 2378 eadem
607 2328 719 2395 perstat
739 2317 827 2378 mihi:
848 2319 925 2395 pelle
946 2317 1089 2377 timorem.

94 2404 220 2470 ‘Tutus
244 2418 319 2476 quos
341 2409 434 2476 optas,
460 2409 563 2475 portus
583 2400 706 2459 accedet
726 2398 844 2458 Averni.

94 2483 204 2541 ‘Unus
228 2479 280 2539 erit
304 2491 427 2552 tantum,
453 2478 592 2538 amissum
615 2498 705 2555 quem
726 2480 840 2556 gurgite
863 2499 985 2556 quaeres
995 2500 1004 2552 ;

95 2563 219 2620 ‘Unum
239 2580 295 2636 pro
318 2558 418 2619 multis
438 2559 556 2619 dabitur
579 2563 686 2636 caput!
1034 2561 1088 2634 815

95 2640 158 2700 His
178 2639 228 2700 ubi
248 2642 325 2700 laeta
347 2642 421 2700 deae
439 2639 591 2716 permulsit
616 2650 736 2716 pectora
755 2639 849 2712 dictis,

95 2719 198 2798 Iungit
218 2740 310 2797 equos
331 2739 403 2779 auro
423 2719 546 2796 genitor,
569 2720 794 2797 spumantiaque
815 2720 898 2780 addit

96 2805 194 2862 Frena
213 2801 288 2874 leriS,
311 2800 507 2875 manibusque
528 2820 632 2860 omnes
652 2801 776 2859 effundit
798 2801 947 2859 habenas:

97 2882 243 2944 Caeruleo
264 2901 317 2957 per
336 2900 453 2940 summa
473 2879 544 2940 levis
565 2883 644 2940 volat
664 2898 795 2954 aequora
815 2899 908 2938 curru.

97 2961 262 3024 Subsidunt
282 2962 389 3034 undae,
413 2960 620 3036 tumidumque
645 2960 700 3020 sub
720 2979 775 3019 axe
796 2958 910 3019 tonanti
1032 2961 1090 3017 820

97 3041 241 3103 Sternitur
261 3061 372 3118 aequor
392 3040 475 3118 aquis
480 3065 489 3117 3
510 3041 624 3118 fugiunt
644 3050 727 3100 vasto
748 3042 866 3100 aethere
887 3038 987 3098 nimbi.

97 3127 176 3183 Turn
200 3121 296 3181 variae
317 3122 460 3182 comitum
485 3120 755 3195 facies-inmania
775 3131 849 3194 cete,

99 3207 138 3264 Et
158 3203 256 3262 senior
276 3201 381 3262 Glauci
401 3203 516 3275 choma,
539 3204 689 3278 Inousque
711 3203 879 3274 Palaemon,

98 3283 296 3358 Tritonesque
318 3281 378 3353 citi,
403 3282 569 3359 Phorcique
593 3281 735 3342 exercitus
756 3282 867 3342 omnis:

101 3369 198 3425 Laeva
221 3371 323 3422 tenent
343 3362 457 3436 Thetis,
478 3373 508 3422 et
529 3361 640 3435 Melite,
664 3365 861 3439 Panopeaque
881 3360 969 3436 virgo,
1032 3361 1088 3430 825

165 3498 189 3543 s.
205 3499 268 3544 V.1.
962 3507 996 3562 17
