2468 3692
120 125 178 200 360
367 114 402 172 P.
440 106 631 170 VERGILI
652 100 864 162 MARONIS

122 254 232 324 ‘Saepe
252 262 339 304 manu
360 236 514 312 multisque
535 229 664 292 oneravit
683 227 784 286 limina
803 223 907 284 donis'
1043 226 1103 281 620

122 327 177 390 Cui
196 344 246 384 rex
266 319 384 380 aetherii
405 315 531 375 breviter
550 309 592 370 sic
611 311 686 366 fatus
707 304 841 380 Olympi:

123 404 171 465 ‘Si
191 420 273 461 mora
292 395 451 475 praesentis
470 391 521 451 leti
540 400 714 462 tempusque
733 384 845 441 caduco

123 483 248 544 ‘Oratur
266 474 371 544 iuveni,
391 489 497 546 meque
516 470 574 526 hoc
593 465 635 523 ita
653 480 763 538 ponere
783 459 888 518 sentis:

124 561 227 619 ‘Tolle
246 557 314 631 suga
332 555 471 619 Turnum,
492 557 579 623 atque
599 540 772 600 instantibus
792 539 870 612 eripe
890 535 965 596 satis.

125 640 296 696 ‘Hactenus
316 629 469 689 indulsisse
488 633 579 682 vacat
621 618 671 679 Sin
690 618 774 677 altior
793 617 854 674 istis
1042 615 1100 688 625

125 716 205 776 ‘Sub
224 711 358 789 precibus
377 705 461 765 venia
481 704 541 761 ulla
559 702 638 770 latet,
659 707 810 770 totumque
830 693 940 752 moveri
978 716 981 720 ·

125 791 289 853 ‘Mutarive
308 797 393 862 putas
412 784 530 851 bellum,
551 795 617 854 spes
636 773 731 850 pascis
751 772 869 830 inanes’

125 875 164 932 Et
185 873 260 928 Iuno
280 863 489 926 adlacrimans:
510 857 609 930 ‘Quid
629 853 661 924 si,
682 852 763 927 quod
782 869 854 910 voce
873 849 1007 926 gravaris,

127 951 249 1008 ‘Mente
268 947 359 1013 dares,
381 951 468 1015 atque
487 939 561 995 haec
581 936 681 992 Tumo
701 942 762 989 rata
782 930 840 987 vita
859 932 1012 987 maneret?
1122 972 1127 982 .

128 1029 234 1086 ‘Nunc
254 1032 351 1082 manet
371 1020 515 1077 insontem
535 1011 628 1088 gravis
648 1010 741 1068 exitus
747 1028 756 1080 ;
782 1017 833 1065 aut
852 1026 907 1082 ego
927 1006 989 1064 veri
1043 1009 1104 1080 630

128 1107 231 1162 ‘Vana
250 1103 331 1160 feror.
374 1096 464 1171 Quod
483 1103 515 1151 ut
535 1110 553 1150 o
574 1089 670 1165 potius
690 1085 843 1145 formidine
862 1087 935 1144 falsa

129 1183 253 1252 ‘Ludar‚
273 1189 303 1238 et
322 1177 353 1234 in
372 1174 475 1233 melius
494 1182 551 1240 tua,
573 1167 623 1243 qui
642 1176 734 1241 potes,
756 1183 822 1222 orsa
841 1165 972 1222 reflectas
984 1164 1003 1222 !'

128 1264 214 1320 Haec
234 1256 285 1316 ubi
304 1255 382 1314 dicta
402 1251 491 1322 dedit,
512 1248 595 1306 caelo
615 1264 646 1303 se
668 1243 797 1318 protinus
817 1244 877 1302 alto

129 1337 220 1408 Misit,
241 1353 329 1411 agens
349 1331 482 1398 hiemem,
504 1326 604 1384 nimbo
624 1321 778 1392 succincta,
800 1340 851 1396 per
871 1339 963 1390 auras,

130 1417 307 1488 Iliacamque
327 1409 418 1468 aciem
440 1417 468 1465 et
489 1400 644 1462 Laurentia
664 1410 756 1458 castre
775 1398 884 1473 petivit.
1046 1401 1103 1473 635

129 1496 206 1554 Tum
226 1494 283 1552 dea
301 1489 379 1548 nube
400 1503 470 1544 cava
490 1494 607 1542 tenuem
629 1478 690 1538 sine
710 1476 817 1535 viribus
837 1479 970 1535 umbram

130 1575 168 1631 In
188 1569 291 1628 faeiem
311 1569 428 1625 Aeneae
449 1561 523 1638 (visu
542 1557 672 1617 mirabile
691 1556 863 1633 monstrum)

130 1646 286 1709 Dardaniis
307 1653 390 1704 omat
410 1641 483 1710 telis,
504 1637 686 1712 clipeumque
706 1633 845 1708 iubasque

131 1727 230 1787 Divini
250 1722 403 1783 adsimulat
423 1716 524 1794 capitis
533 1737 542 1788 ;
562 1717 612 1774 dat
632 1712 730 1772 inania
749 1714 853 1784 verba,

132 1807 193 1864 Dat
212 1803 274 1862 sine
294 1809 392 1859 mente
413 1815 523 1866 sonum,
545 1810 715 1869 gressusque
735 1789 844 1865 effingit
865 1790 976 1850 euntis:
1048 1795 1107 1861 640

132 1886 230 1942 Morte
250 1879 330 1939 obita
350 1878 450 1952 quales
470 1875 546 1931 sama
566 1881 609 1930 est
629 1869 748 1928 volitare
767 1871 879 1945 figuras,

131 1965 192 2020 Aut
212 1977 286 2033 quae
306 1955 417 2030 sopitos
437 1951 578 2011 deludunt
598 1947 711 2008 somnia
730 1966 838 2007 sensus.

132 2041 173 2098 At
191 2035 297 2114 primas
318 2036 394 2092 laeta
414 2042 481 2089 ante
501 2027 577 2086 acies
597 2028 720 2086 exsultat
741 2024 844 2101 imago,

134 2117 295 2189 Inritatque
315 2111 406 2170 virum
427 2107 499 2178 telis,
521 2116 551 2166 et
570 2124 642 2164 voce
662 2102 784 2164 lacessit

134 2198 228 2253 Instat
247 2191 295 2249 cui
314 2193 437 2258 Turnus,
460 2185 684 2259 stridentemque
704 2182 816 2242 eminus
836 2183 948 2242 hastam
1051 2185 1108 2259 645

135 2269 261 2332 Coniicit
270 2290 278 2342 3
305 2268 354 2326 illa
373 2268 443 2325 dato
462 2263 546 2322 vertit
565 2261 685 2336 vestigia
704 2272 792 2335 tergo.

133 2353 210 2407 Tum
231 2365 299 2406 vero
319 2348 440 2404 Aenean
460 2359 592 2400 aversum
612 2350 644 2397 ut
663 2340 767 2398 cedere
787 2341 901 2398 Turnus

136 2424 275 2496 Credidit,
297 2434 385 2498 atque
404 2420 502 2481 animo
522 2436 604 2491 spem
624 2416 755 2476 turbidus
774 2417 869 2476 hausit
889 2417 1024 2479 inanem:

136 2505 223 2577 ‘Quo
243 2502 324 2577 fugis,
346 2501 469 2559 Aenea?
495 2498 637 2556 thalamos
658 2515 694 2553 ne
715 2497 816 2554 desere
836 2506 955 2572 pact0s3

136 2583 225 2640 ‘Hac
245 2579 359 2639 dabitur
379 2579 481 2636 dextra
500 2576 584 2633 tellus
605 2572 734 2648 quaesita
753 2592 806 2648 per
824 2575 933 2633 undas’
1055 2579 1114 2652 650

135 2659 220 2718 Talia
239 2657 400 2717 vociferans
420 2652 556 2730 sequitur,
577 2653 763 2725 strictumque
783 2663 914 2710 coruscat

136 2740 330 2808 Mucronem3
356 2750 412 2791 nec
431 2734 503 2790 ferre
523 2730 603 2789 videt
623 2748 673 2787 sua
693 2729 799 2803 gaudia
817 2742 929 2790 ventos

138 2819 223 2874 Forte
243 2814 311 2872 ratis
331 2810 402 2869 celsi
422 2811 577 2868 coniuncta
596 2806 743 2882 crepidine
763 2807 824 2866 sauri

137 2891 283 2967 Expositis
304 2891 398 2948 stabat
418 2886 511 2958 scalis,
533 2897 562 2945 et
581 2896 670 2960 ponte
690 2896 800 2960 parat0,

137 2971 204 3043 Qua
223 2987 273 3028 rex
293 2965 419 3026 Clusinis
440 2965 577 3023 advectus
599 2962 716 3022 Osinius
736 2964 802 3023 oris.
1058 2973 1115 3046 655

137 3047 208 3102 Huc
229 3062 290 3100 sese
310 3043 424 3115 trepida
443 3044 561 3099 Aeneae
580 3041 713 3113 fugientis
734 3042 830 3116 imago

138 3117 265 3177 Coniicit
284 3117 315 3173 in
335 3119 458 3174 latebras
467 3138 476 3188 ;
502 3135 558 3174 nec
577 3119 692 3174 Turnus
713 3121 829 3192 segnior
847 3120 944 3194 instat,

138 3195 354 3278 Ensuperatque
374 3210 476 3261 moras,
498 3203 528 3249 et
547 3204 651 3265 pontes
671 3195 793 3254 transilit
812 3199 894 3256 altos

138 3267 196 3321 er
215 3282 329 3337 proram
348 3266 497 3338 attigerat:
522 3269 629 3344 rumpit
649 3272 781 3332 Saturnia
801 3275 909 3351 sunem,
