<?xml version="1.0" encoding="UTF-8"?>
<!DOCTYPE html PUBLIC "-//W3C//DTD XHTML 1.0 Transitional//EN"
    "http://www.w3.org/TR/xhtml1/DTD/xhtml1-transitional.dtd">
<html xmlns="http://www.w3.org/1999/xhtml" xml:lang="en" lang="en">
 <head>
  <title>
</title>
<meta http-equiv="Content-Type" content="text/html;charset=utf-8" />
  <meta name='ocr-system' content='tesseract 3.04.00' />
  <meta name='ocr-capabilities' content='ocr_page ocr_carea ocr_par ocr_line ocrx_word'/>
</head>
<body>
  <div class='ocr_page' id='page_1' title='image "./pvergilimaronis13virggoog/pvergilimaronis13virggoog_0260.png"; bbox 0 0 2460 3686; ppageno 0'>
   <div class='ocr_carea' id='block_1_1' title="bbox 402 88 890 148">
    <p class='ocr_par' dir='ltr' id='par_1_1' title="bbox 402 88 890 148">
     <span class='ocr_line' id='line_1_1' title="bbox 402 88 890 148; baseline 0.006 -2"><span class='ocrx_word' id='word_1_1' title='bbox 402 88 644 148; x_wconf 84' lang='lat' dir='ltr'><em>AENEIDOS</em></span> <span class='ocrx_word' id='word_1_2' title='bbox 666 91 752 148; x_wconf 87' lang='lat' dir='ltr'><em>LIB.</em></span> <span class='ocrx_word' id='word_1_3' title='bbox 791 91 820 148; x_wconf 88' lang='lat' dir='ltr'>V.</span> <span class='ocrx_word' id='word_1_4' title='bbox 886 126 890 134; x_wconf 92' lang='lat'>·</span> 
     </span>
    </p>
   </div>
   <div class='ocr_carea' id='block_1_2' title="bbox 80 217 1147 3426">
    <p class='ocr_par' dir='ltr' id='par_1_2' title="bbox 105 217 872 296">
     <span class='ocr_line' id='line_1_2' title="bbox 105 217 872 296; baseline 0 -17"><span class='ocrx_word' id='word_1_5' title='bbox 105 219 278 280; x_wconf 89' lang='lat' dir='ltr'><strong>Custodem</strong></span> <span class='ocrx_word' id='word_1_6' title='bbox 300 219 340 278; x_wconf 89' lang='lat' dir='ltr'>ad</span> <span class='ocrx_word' id='word_1_7' title='bbox 364 237 428 279; x_wconf 90' lang='lat' dir='ltr'>sese</span> <span class='ocrx_word' id='word_1_8' title='bbox 449 217 649 294; x_wconf 88' lang='lat' dir='ltr'>comitemque</span> <span class='ocrx_word' id='word_1_9' title='bbox 669 217 788 296; x_wconf 89' lang='lat' dir='ltr'><strong>inpubis</strong></span> <span class='ocrx_word' id='word_1_10' title='bbox 812 218 872 280; x_wconf 90' lang='lat' dir='ltr'>Iuli</span> 
     </span>
    </p>

    <p class='ocr_par' dir='ltr' id='par_1_3' title="bbox 106 297 916 376">
     <span class='ocr_line' id='line_1_3' title="bbox 106 297 916 376; baseline 0.002 -18"><span class='ocrx_word' id='word_1_11' title='bbox 106 298 264 376; x_wconf 87' lang='lat' dir='ltr'>Epytiden</span> <span class='ocrx_word' id='word_1_12' title='bbox 285 311 382 372; x_wconf 89' lang='lat' dir='ltr'>vocat,</span> <span class='ocrx_word' id='word_1_13' title='bbox 404 310 434 360; x_wconf 91' lang='lat' dir='ltr'>et</span> <span class='ocrx_word' id='word_1_14' title='bbox 455 299 546 358; x_wconf 89' lang='lat' dir='ltr'>fidam</span> <span class='ocrx_word' id='word_1_15' title='bbox 571 297 614 358; x_wconf 88' lang='lat' dir='ltr'>sic</span> <span class='ocrx_word' id='word_1_16' title='bbox 635 300 711 358; x_wconf 89' lang='lat' dir='ltr'>fatur</span> <span class='ocrx_word' id='word_1_17' title='bbox 732 301 772 359; x_wconf 91' lang='lat' dir='ltr'>ad</span> <span class='ocrx_word' id='word_1_18' title='bbox 795 318 916 360; x_wconf 88' lang='lat' dir='ltr'>aurem:</span> 
     </span>
    </p>

    <p class='ocr_par' dir='ltr' id='par_1_4' title="bbox 107 377 1107 697">
     <span class='ocr_line' id='line_1_4' title="bbox 108 377 946 456; baseline 0.002 -19"><span class='ocrx_word' id='word_1_19' title='bbox 108 380 218 440; x_wconf 87' lang='lat' dir='ltr'>‘Vade</span> <span class='ocrx_word' id='word_1_20' title='bbox 241 399 303 456; x_wconf 87' lang='lat' dir='ltr'>age,</span> <span class='ocrx_word' id='word_1_21' title='bbox 329 391 360 440; x_wconf 95' lang='lat' dir='ltr'>et</span> <span class='ocrx_word' id='word_1_22' title='bbox 383 379 522 451; x_wconf 88' lang='lat' dir='ltr'>Ascanio,</span> <span class='ocrx_word' id='word_1_23' title='bbox 546 377 571 438; x_wconf 91' lang='lat' dir='ltr'>si</span> <span class='ocrx_word' id='word_1_24' title='bbox 593 379 653 438; x_wconf 87' lang='lat' dir='ltr'>iam</span> <span class='ocrx_word' id='word_1_25' title='bbox 675 380 787 456; x_wconf 87' lang='lat' dir='ltr'>puerile</span> <span class='ocrx_word' id='word_1_26' title='bbox 812 391 946 456; x_wconf 91' lang='lat' dir='ltr'>paratum</span> 
     </span>
     <span class='ocr_line' id='line_1_5' title="bbox 107 460 1016 538; baseline 0.001 -19"><span class='ocrx_word' id='word_1_27' title='bbox 107 462 248 536; x_wconf 88' lang='lat' dir='ltr'>‘Agmen</span> <span class='ocrx_word' id='word_1_28' title='bbox 271 461 362 520; x_wconf 84' lang='lat' dir='ltr'>habet</span> <span class='ocrx_word' id='word_1_29' title='bbox 385 479 495 530; x_wconf 88' lang='lat' dir='ltr'>secum,</span> <span class='ocrx_word' id='word_1_30' title='bbox 520 478 682 535; x_wconf 88' lang='lat' dir='ltr'>cursusque</span> <span class='ocrx_word' id='word_1_31' title='bbox 704 460 840 520; x_wconf 85' lang='lat' dir='ltr'>instruxit</span> <span class='ocrx_word' id='word_1_32' title='bbox 864 479 1016 538; x_wconf 89' lang='lat' dir='ltr'>equorum,</span> 
     </span>
     <span class='ocr_line' id='line_1_6' title="bbox 107 539 1107 619; baseline 0.003 -21"><span class='ocrx_word' id='word_1_33' title='bbox 107 541 231 600; x_wconf 81' lang='lat' dir='ltr'>‘Ducat</span> <span class='ocrx_word' id='word_1_34' title='bbox 253 559 309 600; x_wconf 88' lang='lat' dir='ltr'>avo</span> <span class='ocrx_word' id='word_1_35' title='bbox 334 551 452 611; x_wconf 89' lang='lat' dir='ltr'>turmas,</span> <span class='ocrx_word' id='word_1_36' title='bbox 478 551 508 599; x_wconf 92' lang='lat' dir='ltr'>et</span> <span class='ocrx_word' id='word_1_37' title='bbox 530 558 595 598; x_wconf 93' lang='lat' dir='ltr'>sese</span> <span class='ocrx_word' id='word_1_38' title='bbox 616 541 753 600; x_wconf 89' lang='lat' dir='ltr'>ostendat</span> <span class='ocrx_word' id='word_1_39' title='bbox 777 539 809 599; x_wconf 91' lang='lat' dir='ltr'>in</span> <span class='ocrx_word' id='word_1_40' title='bbox 829 541 926 612; x_wconf 88' lang='lat' dir='ltr'>armis,</span> <span class='ocrx_word' id='word_1_41' title='bbox 1049 559 1107 619; x_wconf 84' lang='lat'>550</span> 
     </span>
     <span class='ocr_line' id='line_1_7' title="bbox 108 619 919 697; baseline 0.001 -18"><span class='ocrx_word' id='word_1_42' title='bbox 108 619 210 694; x_wconf 90' lang='lat' dir='ltr'>‘Dic,&#39;</span> <span class='ocrx_word' id='word_1_43' title='bbox 232 620 278 679; x_wconf 87' lang='lat' dir='ltr'>ait</span> <span class='ocrx_word' id='word_1_44' title='bbox 323 623 393 697; x_wconf 91' lang='lat' dir='ltr'>Ipse</span> <span class='ocrx_word' id='word_1_45' title='bbox 415 639 536 680; x_wconf 91' lang='lat' dir='ltr'>omnem</span> <span class='ocrx_word' id='word_1_46' title='bbox 560 621 650 696; x_wconf 88' lang='lat' dir='ltr'>longo</span> <span class='ocrx_word' id='word_1_47' title='bbox 672 620 817 680; x_wconf 82' lang='lat' dir='ltr'>decedere</span> <span class='ocrx_word' id='word_1_48' title='bbox 840 621 919 680; x_wconf 89' lang='lat' dir='ltr'>circo</span> 
     </span>
    </p>

    <p class='ocr_par' dir='ltr' id='par_1_5' title="bbox 106 699 984 858">
     <span class='ocr_line' id='line_1_8' title="bbox 106 699 984 778; baseline 0.001 -19"><span class='ocrx_word' id='word_1_49' title='bbox 106 701 248 759; x_wconf 86' lang='lat' dir='ltr'>Infusum</span> <span class='ocrx_word' id='word_1_50' title='bbox 270 703 422 778; x_wconf 90' lang='lat' dir='ltr'>populum,</span> <span class='ocrx_word' id='word_1_51' title='bbox 447 709 477 759; x_wconf 91' lang='lat' dir='ltr'>et</span> <span class='ocrx_word' id='word_1_52' title='bbox 501 719 624 776; x_wconf 91' lang='lat' dir='ltr'>campos</span> <span class='ocrx_word' id='word_1_53' title='bbox 645 699 728 760; x_wconf 92' lang='lat' dir='ltr'>iubet</span> <span class='ocrx_word' id='word_1_54' title='bbox 751 719 816 760; x_wconf 90' lang='lat' dir='ltr'>esse</span> <span class='ocrx_word' id='word_1_55' title='bbox 840 712 984 778; x_wconf 82' lang='lat' dir='ltr'>patentes</span> 
     </span>
     <span class='ocr_line' id='line_1_9' title="bbox 107 779 910 858; baseline 0.001 -20"><span class='ocrx_word' id='word_1_56' title='bbox 107 781 263 839; x_wconf 89' lang='lat' dir='ltr'>Incedunt</span> <span class='ocrx_word' id='word_1_57' title='bbox 284 780 375 855; x_wconf 91' lang='lat' dir='ltr'>pueri,</span> <span class='ocrx_word' id='word_1_58' title='bbox 401 779 567 858; x_wconf 87' lang='lat' dir='ltr'>pariterque</span> <span class='ocrx_word' id='word_1_59' title='bbox 590 792 659 839; x_wconf 86' lang='lat' dir='ltr'>aute</span> <span class='ocrx_word' id='word_1_60' title='bbox 682 800 734 840; x_wconf 93' lang='lat' dir='ltr'>ora</span> <span class='ocrx_word' id='word_1_61' title='bbox 755 792 910 857; x_wconf 90' lang='lat' dir='ltr'>parentum</span> 
     </span>
    </p>

    <p class='ocr_par' dir='ltr' id='par_1_6' title="bbox 107 859 902 936">
     <span class='ocr_line' id='line_1_10' title="bbox 107 859 902 936; baseline 0.003 -18"><span class='ocrx_word' id='word_1_62' title='bbox 107 859 246 919; x_wconf 89' lang='lat' dir='ltr'>Frenatis</span> <span class='ocrx_word' id='word_1_63' title='bbox 269 861 371 920; x_wconf 91' lang='lat' dir='ltr'>lucent</span> <span class='ocrx_word' id='word_1_64' title='bbox 391 860 422 918; x_wconf 90' lang='lat' dir='ltr'>in</span> <span class='ocrx_word' id='word_1_65' title='bbox 445 860 548 936; x_wconf 84' lang='lat' dir='ltr'>eqnis;</span> <span class='ocrx_word' id='word_1_66' title='bbox 575 879 651 936; x_wconf 90' lang='lat' dir='ltr'>quos</span> <span class='ocrx_word' id='word_1_67' title='bbox 675 860 774 920; x_wconf 91' lang='lat' dir='ltr'>omnis</span> <span class='ocrx_word' id='word_1_68' title='bbox 798 872 902 920; x_wconf 90' lang='lat' dir='ltr'>euntes</span> 
     </span>
    </p>

    <p class='ocr_par' dir='ltr' id='par_1_7' title="bbox 105 939 1102 1096">
     <span class='ocr_line' id='line_1_11' title="bbox 105 939 1102 1019; baseline 0.003 -21"><span class='ocrx_word' id='word_1_69' title='bbox 105 939 279 999; x_wconf 89' lang='lat' dir='ltr'>Trinacriae</span> <span class='ocrx_word' id='word_1_70' title='bbox 303 941 407 999; x_wconf 87' lang='lat' dir='ltr'>mirata</span> <span class='ocrx_word' id='word_1_71' title='bbox 429 939 527 1000; x_wconf 85' lang='lat' dir='ltr'>fremit</span> <span class='ocrx_word' id='word_1_72' title='bbox 548 940 714 1016; x_wconf 83' lang='lat' dir='ltr'>Troiaeque</span> <span class='ocrx_word' id='word_1_73' title='bbox 738 940 881 1002; x_wconf 86' lang='lat' dir='ltr'>iuventus.</span> <span class='ocrx_word' id='word_1_74' title='bbox 1047 959 1102 1019; x_wconf 89' lang='grc'>555</span> 
     </span>
     <span class='ocr_line' id='line_1_12' title="bbox 106 1019 944 1096; baseline 0 -15"><span class='ocrx_word' id='word_1_75' title='bbox 106 1019 259 1081; x_wconf 89' lang='lat' dir='ltr'>Omnibus</span> <span class='ocrx_word' id='word_1_76' title='bbox 283 1021 314 1078; x_wconf 91' lang='lat' dir='ltr'>in</span> <span class='ocrx_word' id='word_1_77' title='bbox 338 1040 451 1080; x_wconf 89' lang='lat' dir='ltr'>morem</span> <span class='ocrx_word' id='word_1_78' title='bbox 475 1031 561 1080; x_wconf 89' lang='lat' dir='ltr'>tonsa</span> <span class='ocrx_word' id='word_1_79' title='bbox 582 1040 670 1080; x_wconf 87' lang='lat' dir='ltr'>coma</span> <span class='ocrx_word' id='word_1_80' title='bbox 693 1040 793 1096; x_wconf 89' lang='lat' dir='ltr'>pressa</span> <span class='ocrx_word' id='word_1_81' title='bbox 816 1040 944 1081; x_wconf 89' lang='lat' dir='ltr'>corona:</span> 
     </span>
    </p>

    <p class='ocr_par' dir='ltr' id='par_1_8' title="bbox 106 1100 852 1176">
     <span class='ocr_line' id='line_1_13' title="bbox 106 1100 852 1176; baseline -0.003 -15"><span class='ocrx_word' id='word_1_82' title='bbox 106 1103 230 1161; x_wconf 80' lang='lat' dir='ltr'>Comen</span> <span class='ocrx_word' id='word_1_83' title='bbox 252 1100 323 1160; x_wconf 88' lang='lat' dir='ltr'>bina</span> <span class='ocrx_word' id='word_1_84' title='bbox 346 1103 442 1160; x_wconf 89' lang='lat' dir='ltr'>ferunt</span> <span class='ocrx_word' id='word_1_85' title='bbox 466 1102 595 1176; x_wconf 86' lang='lat' dir='ltr'>praefixo</span> <span class='ocrx_word' id='word_1_86' title='bbox 618 1101 735 1160; x_wconf 89' lang='lat' dir='ltr'>hastilia</span> <span class='ocrx_word' id='word_1_87' title='bbox 758 1102 852 1176; x_wconf 86' lang='lat' dir='ltr'>ferro;</span> 
     </span>
    </p>

    <p class='ocr_par' dir='ltr' id='par_1_9' title="bbox 105 1181 957 1339">
     <span class='ocr_line' id='line_1_14' title="bbox 105 1181 957 1259; baseline 0.002 -19"><span class='ocrx_word' id='word_1_88' title='bbox 105 1184 182 1240; x_wconf 91' lang='lat' dir='ltr'>Pars</span> <span class='ocrx_word' id='word_1_89' title='bbox 206 1182 285 1240; x_wconf 89' lang='lat' dir='ltr'>leves</span> <span class='ocrx_word' id='word_1_90' title='bbox 306 1183 431 1241; x_wconf 91' lang='lat' dir='ltr'>humero</span> <span class='ocrx_word' id='word_1_91' title='bbox 455 1183 624 1259; x_wconf 81' lang='lat' dir='ltr'>pharetras3</span> <span class='ocrx_word' id='word_1_92' title='bbox 651 1181 674 1240; x_wconf 95' lang='lat' dir='ltr'>it</span> <span class='ocrx_word' id='word_1_93' title='bbox 698 1191 818 1256; x_wconf 89' lang='lat' dir='ltr'>pectore</span> <span class='ocrx_word' id='word_1_94' title='bbox 842 1200 957 1242; x_wconf 89' lang='lat' dir='ltr'>summo</span> 
     </span>
     <span class='ocr_line' id='line_1_15' title="bbox 105 1260 812 1339; baseline 0 -19"><span class='ocrx_word' id='word_1_95' title='bbox 105 1261 229 1321; x_wconf 88' lang='lat' dir='ltr'>Flexilis</span> <span class='ocrx_word' id='word_1_96' title='bbox 253 1261 363 1322; x_wconf 86' lang='lat' dir='ltr'>obtorti</span> <span class='ocrx_word' id='word_1_97' title='bbox 384 1281 437 1339; x_wconf 92' lang='lat' dir='ltr'>per</span> <span class='ocrx_word' id='word_1_98' title='bbox 460 1263 569 1322; x_wconf 92' lang='lat' dir='ltr'>collum</span> <span class='ocrx_word' id='word_1_99' title='bbox 593 1261 718 1321; x_wconf 88' lang='lat' dir='ltr'>circulus</span> <span class='ocrx_word' id='word_1_100' title='bbox 742 1260 812 1320; x_wconf 82' lang='lat' dir='ltr'>auri</span> 
     </span>
    </p>

    <p class='ocr_par' dir='ltr' id='par_1_10' title="bbox 103 1341 1147 1579">
     <span class='ocr_line' id='line_1_16' title="bbox 104 1341 1103 1420; baseline 0.003 -20"><span class='ocrx_word' id='word_1_101' title='bbox 104 1344 183 1402; x_wconf 90' lang='lat' dir='ltr'>Tres</span> <span class='ocrx_word' id='word_1_102' title='bbox 208 1341 341 1418; x_wconf 90' lang='lat' dir='ltr'>equitum</span> <span class='ocrx_word' id='word_1_103' title='bbox 365 1360 488 1401; x_wconf 86' lang='lat' dir='ltr'>numero</span> <span class='ocrx_word' id='word_1_104' title='bbox 512 1353 636 1414; x_wconf 89' lang='lat' dir='ltr'>turmae,</span> <span class='ocrx_word' id='word_1_105' title='bbox 660 1341 794 1418; x_wconf 90' lang='lat' dir='ltr'>ternique</span> <span class='ocrx_word' id='word_1_106' title='bbox 818 1353 959 1419; x_wconf 78' lang='lat' dir='ltr'>vagantur</span> <span class='ocrx_word' id='word_1_107' title='bbox 1045 1348 1103 1420; x_wconf 84' lang='lat'>560</span> 
     </span>
     <span class='ocr_line' id='line_1_17' title="bbox 105 1421 1147 1499; baseline 0.002 -18"><span class='ocrx_word' id='word_1_108' title='bbox 105 1425 277 1497; x_wconf 81' lang='lat' dir='ltr'>Ductores3</span> <span class='ocrx_word' id='word_1_109' title='bbox 304 1421 389 1499; x_wconf 91' lang='lat' dir='ltr'>pueri</span> <span class='ocrx_word' id='word_1_110' title='bbox 412 1421 456 1482; x_wconf 91' lang='lat' dir='ltr'>bis</span> <span class='ocrx_word' id='word_1_111' title='bbox 479 1421 544 1482; x_wconf 87' lang='lat' dir='ltr'>seni</span> <span class='ocrx_word' id='word_1_112' title='bbox 566 1440 715 1498; x_wconf 87' lang='lat' dir='ltr'>quemque</span> <span class='ocrx_word' id='word_1_113' title='bbox 739 1423 831 1482; x_wconf 91' lang='lat' dir='ltr'>secuti</span> <span class='ocrx_word' id='word_1_114' title='bbox 1145 1429 1147 1434; x_wconf 82' lang='grc'>’</span> 
     </span>
     <span class='ocr_line' id='line_1_18' title="bbox 103 1501 877 1579; baseline 0.003 -18"><span class='ocrx_word' id='word_1_115' title='bbox 103 1501 237 1579; x_wconf 80' lang='lat' dir='ltr'>Agmine</span> <span class='ocrx_word' id='word_1_116' title='bbox 260 1503 368 1579; x_wconf 91' lang='lat' dir='ltr'>partito</span> <span class='ocrx_word' id='word_1_117' title='bbox 391 1504 505 1579; x_wconf 84' lang='lat' dir='ltr'>fulgent</span> <span class='ocrx_word' id='word_1_118' title='bbox 525 1503 703 1579; x_wconf 89' lang='lat' dir='ltr'>paribusque</span> <span class='ocrx_word' id='word_1_119' title='bbox 726 1502 877 1578; x_wconf 80' lang='lat' dir='ltr'>magistris.</span> 
     </span>
    </p>

    <p class='ocr_par' dir='ltr' id='par_1_11' title="bbox 104 1581 959 1820">
     <span class='ocr_line' id='line_1_19' title="bbox 104 1581 959 1662; baseline 0 -18"><span class='ocrx_word' id='word_1_120' title='bbox 104 1585 181 1644; x_wconf 93' lang='lat' dir='ltr'>Una</span> <span class='ocrx_word' id='word_1_121' title='bbox 204 1581 282 1643; x_wconf 82' lang='lat' dir='ltr'>acies</span> <span class='ocrx_word' id='word_1_122' title='bbox 304 1583 452 1662; x_wconf 87' lang='lat' dir='ltr'>iuvenum,</span> <span class='ocrx_word' id='word_1_123' title='bbox 478 1583 560 1642; x_wconf 89' lang='lat' dir='ltr'>ducit</span> <span class='ocrx_word' id='word_1_124' title='bbox 581 1602 671 1658; x_wconf 90' lang='lat' dir='ltr'>quam</span> <span class='ocrx_word' id='word_1_125' title='bbox 692 1603 799 1660; x_wconf 86' lang='lat' dir='ltr'>parvus</span> <span class='ocrx_word' id='word_1_126' title='bbox 821 1595 959 1644; x_wconf 89' lang='lat' dir='ltr'>ovantem</span> 
     </span>
     <span class='ocr_line' id='line_1_20' title="bbox 104 1663 933 1736; baseline 0.002 -14"><span class='ocrx_word' id='word_1_127' title='bbox 104 1665 231 1723; x_wconf 90' lang='lat' dir='ltr'>Nomen</span> <span class='ocrx_word' id='word_1_128' title='bbox 253 1663 301 1722; x_wconf 89' lang='lat' dir='ltr'>avi</span> <span class='ocrx_word' id='word_1_129' title='bbox 322 1665 450 1723; x_wconf 87' lang='lat' dir='ltr'>referens</span> <span class='ocrx_word' id='word_1_130' title='bbox 476 1663 617 1734; x_wconf 88' lang='lat' dir='ltr'>Priamus,</span> <span class='ocrx_word' id='word_1_131' title='bbox 643 1674 695 1723; x_wconf 89' lang='lat' dir='ltr'>tua</span> <span class='ocrx_word' id='word_1_132' title='bbox 718 1666 804 1735; x_wconf 88' lang='lat' dir='ltr'>clara,</span> <span class='ocrx_word' id='word_1_133' title='bbox 829 1665 933 1736; x_wconf 90' lang='lat' dir='ltr'>Polite,</span> 
     </span>
     <span class='ocr_line' id='line_1_21' title="bbox 104 1743 938 1820; baseline 0.002 -17"><span class='ocrx_word' id='word_1_134' title='bbox 104 1743 276 1820; x_wconf 87' lang='lat' dir='ltr'>Progenies,</span> <span class='ocrx_word' id='word_1_135' title='bbox 301 1754 422 1804; x_wconf 88' lang='lat' dir='ltr'>auctura</span> <span class='ocrx_word' id='word_1_136' title='bbox 444 1744 537 1803; x_wconf 84' lang='lat' dir='ltr'>italos</span> <span class='ocrx_word' id='word_1_137' title='bbox 549 1764 558 1816; x_wconf 90' lang='lat'>;</span> <span class='ocrx_word' id='word_1_138' title='bbox 585 1762 674 1819; x_wconf 90' lang='lat' dir='ltr'>quem</span> <span class='ocrx_word' id='word_1_139' title='bbox 698 1745 840 1804; x_wconf 87' lang='lat' dir='ltr'>Thracius</span> <span class='ocrx_word' id='word_1_140' title='bbox 864 1745 938 1805; x_wconf 87' lang='lat' dir='ltr'>albis</span> 
     </span>
    </p>

    <p class='ocr_par' dir='ltr' id='par_1_12' title="bbox 103 1823 872 1900">
     <span class='ocr_line' id='line_1_22' title="bbox 103 1823 872 1900; baseline 0 -17"><span class='ocrx_word' id='word_1_141' title='bbox 103 1827 211 1883; x_wconf 88' lang='lat' dir='ltr'>Portat</span> <span class='ocrx_word' id='word_1_142' title='bbox 233 1843 326 1900; x_wconf 88' lang='lat' dir='ltr'>equus</span> <span class='ocrx_word' id='word_1_143' title='bbox 348 1823 462 1884; x_wconf 89' lang='lat' dir='ltr'>bicolor</span> <span class='ocrx_word' id='word_1_144' title='bbox 483 1823 615 1896; x_wconf 89' lang='lat' dir='ltr'>maculis,</span> <span class='ocrx_word' id='word_1_145' title='bbox 640 1824 763 1900; x_wconf 87' lang='lat' dir='ltr'>vestigia</span> <span class='ocrx_word' id='word_1_146' title='bbox 786 1825 872 1900; x_wconf 90' lang='lat' dir='ltr'>primi</span> 
     </span>
    </p>

    <p class='ocr_par' dir='ltr' id='par_1_13' title="bbox 102 1905 935 1980">
     <span class='ocr_line' id='line_1_23' title="bbox 102 1905 935 1980; baseline 0 -16"><span class='ocrx_word' id='word_1_147' title='bbox 102 1906 186 1964; x_wconf 86' lang='lat' dir='ltr'>Alba</span> <span class='ocrx_word' id='word_1_148' title='bbox 207 1905 291 1980; x_wconf 87' lang='lat' dir='ltr'>pedis</span> <span class='ocrx_word' id='word_1_149' title='bbox 314 1907 501 1980; x_wconf 84' lang='lat' dir='ltr'>frontemque</span> <span class='ocrx_word' id='word_1_150' title='bbox 524 1914 676 1963; x_wconf 88' lang='lat' dir='ltr'>ostentans</span> <span class='ocrx_word' id='word_1_151' title='bbox 700 1905 808 1963; x_wconf 90' lang='lat' dir='ltr'>arduus</span> <span class='ocrx_word' id='word_1_152' title='bbox 830 1907 935 1964; x_wconf 87' lang='lat' dir='ltr'>albam.</span> 
     </span>
    </p>

    <p class='ocr_par' dir='ltr' id='par_1_14' title="bbox 102 1983 860 2061">
     <span class='ocr_line' id='line_1_24' title="bbox 102 1983 860 2061; baseline -0.003 -17"><span class='ocrx_word' id='word_1_153' title='bbox 102 1986 191 2045; x_wconf 89' lang='lat' dir='ltr'>Alter</span> <span class='ocrx_word' id='word_1_154' title='bbox 211 1988 294 2061; x_wconf 89' lang='lat' dir='ltr'>Atys,</span> <span class='ocrx_word' id='word_1_155' title='bbox 316 2004 410 2061; x_wconf 89' lang='lat' dir='ltr'>genus</span> <span class='ocrx_word' id='word_1_156' title='bbox 432 1985 513 2043; x_wconf 92' lang='lat' dir='ltr'>unde</span> <span class='ocrx_word' id='word_1_157' title='bbox 533 1983 597 2042; x_wconf 90' lang='lat' dir='ltr'>Atii</span> <span class='ocrx_word' id='word_1_158' title='bbox 619 1986 729 2044; x_wconf 82' lang='lat' dir='ltr'>duxere</span> <span class='ocrx_word' id='word_1_159' title='bbox 753 1983 860 2058; x_wconf 90' lang='lat' dir='ltr'>Latini,</span> 
     </span>
    </p>

    <p class='ocr_par' dir='ltr' id='par_1_15' title="bbox 103 2063 845 2142">
     <span class='ocr_line' id='line_1_25' title="bbox 103 2063 845 2142; baseline -0.003 -18"><span class='ocrx_word' id='word_1_160' title='bbox 103 2068 218 2124; x_wconf 82' lang='lat' dir='ltr'>Parvus</span> <span class='ocrx_word' id='word_1_161' title='bbox 242 2069 324 2142; x_wconf 87' lang='lat' dir='ltr'>Atys,</span> <span class='ocrx_word' id='word_1_162' title='bbox 349 2082 502 2141; x_wconf 91' lang='lat' dir='ltr'>pueroque</span> <span class='ocrx_word' id='word_1_163' title='bbox 523 2082 598 2140; x_wconf 90' lang='lat' dir='ltr'>puer</span> <span class='ocrx_word' id='word_1_164' title='bbox 621 2063 746 2124; x_wconf 92' lang='lat' dir='ltr'>dilectus</span> <span class='ocrx_word' id='word_1_165' title='bbox 771 2066 845 2124; x_wconf 90' lang='lat' dir='ltr'>Iulo.</span> 
     </span>
    </p>

    <p class='ocr_par' dir='ltr' id='par_1_16' title="bbox 103 2144 919 2222">
     <span class='ocr_line' id='line_1_26' title="bbox 103 2144 919 2222; baseline -0.001 -18"><span class='ocrx_word' id='word_1_166' title='bbox 103 2147 264 2204; x_wconf 86' lang='lat' dir='ltr'>Extremus</span> <span class='ocrx_word' id='word_1_167' title='bbox 288 2147 440 2222; x_wconf 84' lang='lat' dir='ltr'>formaque</span> <span class='ocrx_word' id='word_1_168' title='bbox 462 2155 533 2202; x_wconf 85' lang='lat' dir='ltr'>ante</span> <span class='ocrx_word' id='word_1_169' title='bbox 557 2162 661 2203; x_wconf 90' lang='lat' dir='ltr'>omnes</span> <span class='ocrx_word' id='word_1_170' title='bbox 683 2144 812 2220; x_wconf 88' lang='lat' dir='ltr'>pulcher,</span> <span class='ocrx_word' id='word_1_171' title='bbox 837 2146 919 2204; x_wconf 93' lang='lat' dir='ltr'>Iulus</span> 
     </span>
    </p>

    <p class='ocr_par' dir='ltr' id='par_1_17' title="bbox 103 2223 946 2300">
     <span class='ocr_line' id='line_1_27' title="bbox 103 2223 946 2300; baseline -0.002 -14"><span class='ocrx_word' id='word_1_172' title='bbox 103 2224 231 2286; x_wconf 88' lang='lat' dir='ltr'>Sidonio</span> <span class='ocrx_word' id='word_1_173' title='bbox 256 2236 300 2285; x_wconf 87' lang='lat' dir='ltr'>est</span> <span class='ocrx_word' id='word_1_174' title='bbox 324 2225 458 2285; x_wconf 92' lang='lat' dir='ltr'>invectus</span> <span class='ocrx_word' id='word_1_175' title='bbox 483 2242 570 2299; x_wconf 92' lang='lat' dir='ltr'>equo,</span> <span class='ocrx_word' id='word_1_176' title='bbox 596 2243 686 2300; x_wconf 92' lang='lat' dir='ltr'>quem</span> <span class='ocrx_word' id='word_1_177' title='bbox 711 2224 839 2284; x_wconf 88' lang='lat' dir='ltr'>candida</span> <span class='ocrx_word' id='word_1_178' title='bbox 865 2223 946 2284; x_wconf 89' lang='lat' dir='ltr'>Dido</span> 
     </span>
    </p>

    <p class='ocr_par' dir='ltr' id='par_1_18' title="bbox 102 2305 977 2463">
     <span class='ocr_line' id='line_1_28' title="bbox 102 2305 977 2382; baseline -0.001 -18"><span class='ocrx_word' id='word_1_179' title='bbox 102 2308 181 2364; x_wconf 89' lang='lat' dir='ltr'>Esse</span> <span class='ocrx_word' id='word_1_180' title='bbox 205 2305 251 2365; x_wconf 94' lang='lat' dir='ltr'>sui</span> <span class='ocrx_word' id='word_1_181' title='bbox 274 2306 397 2366; x_wconf 86' lang='lat' dir='ltr'>dederat</span> <span class='ocrx_word' id='word_1_182' title='bbox 420 2314 648 2364; x_wconf 91' lang='lat' dir='ltr'>monumentum</span> <span class='ocrx_word' id='word_1_183' title='bbox 673 2315 703 2364; x_wconf 91' lang='lat' dir='ltr'>et</span> <span class='ocrx_word' id='word_1_184' title='bbox 723 2305 829 2382; x_wconf 91' lang='lat' dir='ltr'>pignus</span> <span class='ocrx_word' id='word_1_185' title='bbox 851 2305 977 2366; x_wconf 84' lang='lat' dir='ltr'>amoris:</span> 
     </span>
     <span class='ocr_line' id='line_1_29' title="bbox 103 2383 806 2463; baseline -0.003 -17"><span class='ocrx_word' id='word_1_186' title='bbox 103 2387 214 2447; x_wconf 87' lang='lat' dir='ltr'>Cetera</span> <span class='ocrx_word' id='word_1_187' title='bbox 234 2385 393 2444; x_wconf 86' lang='lat' dir='ltr'>Trinacriis</span> <span class='ocrx_word' id='word_1_188' title='bbox 415 2386 510 2463; x_wconf 90' lang='lat' dir='ltr'>pubes</span> <span class='ocrx_word' id='word_1_189' title='bbox 534 2383 656 2444; x_wconf 90' lang='lat' dir='ltr'>senioris</span> <span class='ocrx_word' id='word_1_190' title='bbox 678 2388 806 2445; x_wconf 87' lang='lat' dir='ltr'>Acestae</span> 
     </span>
    </p>

    <p class='ocr_par' dir='ltr' id='par_1_19' title="bbox 103 2465 322 2543">
     <span class='ocr_line' id='line_1_30' title="bbox 103 2465 322 2543; baseline 0.005 -18"><span class='ocrx_word' id='word_1_191' title='bbox 103 2469 209 2526; x_wconf 88' lang='lat' dir='ltr'>Fertur</span> <span class='ocrx_word' id='word_1_192' title='bbox 231 2465 322 2543; x_wconf 85' lang='lat' dir='ltr'>equis</span> 
     </span>
    </p>

    <p class='ocr_par' dir='ltr' id='par_1_20' title="bbox 103 2543 1096 2864">
     <span class='ocr_line' id='line_1_31' title="bbox 103 2543 1096 2623; baseline -0.001 -17"><span class='ocrx_word' id='word_1_193' title='bbox 103 2545 265 2622; x_wconf 82' lang='lat' dir='ltr'>Excipiunt</span> <span class='ocrx_word' id='word_1_194' title='bbox 287 2549 392 2623; x_wconf 89' lang='lat' dir='ltr'>plausu</span> <span class='ocrx_word' id='word_1_195' title='bbox 415 2543 549 2622; x_wconf 78' lang='lat' dir='ltr'>pavidos,</span> <span class='ocrx_word' id='word_1_196' title='bbox 573 2545 762 2622; x_wconf 88' lang='lat' dir='ltr'>gaudentque</span> <span class='ocrx_word' id='word_1_197' title='bbox 786 2556 901 2606; x_wconf 91' lang='lat' dir='ltr'>tuentes</span> <span class='ocrx_word' id='word_1_198' title='bbox 1041 2562 1096 2622; x_wconf 86' lang='lat'>575</span> 
     </span>
     <span class='ocr_line' id='line_1_32' title="bbox 105 2626 986 2703; baseline -0.003 -18"><span class='ocrx_word' id='word_1_199' title='bbox 105 2627 306 2700; x_wconf 87' lang='lat' dir='ltr'>Dardanidae,</span> <span class='ocrx_word' id='word_1_200' title='bbox 329 2637 520 2702; x_wconf 90' lang='lat' dir='ltr'>veterumque</span> <span class='ocrx_word' id='word_1_201' title='bbox 542 2626 726 2702; x_wconf 86' lang='lat' dir='ltr'>adgnoscunt</span> <span class='ocrx_word' id='word_1_202' title='bbox 749 2646 800 2686; x_wconf 87' lang='lat' dir='ltr'>ora</span> <span class='ocrx_word' id='word_1_203' title='bbox 823 2636 986 2703; x_wconf 87' lang='lat' dir='ltr'>parentum.</span> 
     </span>
     <span class='ocr_line' id='line_1_33' title="bbox 103 2705 1019 2784; baseline -0.004 -18"><span class='ocrx_word' id='word_1_204' title='bbox 103 2710 267 2784; x_wconf 88' lang='lat' dir='ltr'>Postquam</span> <span class='ocrx_word' id='word_1_205' title='bbox 291 2727 412 2768; x_wconf 91' lang='lat' dir='ltr'>omnem</span> <span class='ocrx_word' id='word_1_206' title='bbox 433 2705 502 2766; x_wconf 92' lang='lat' dir='ltr'>laeti</span> <span class='ocrx_word' id='word_1_207' title='bbox 523 2724 696 2766; x_wconf 88' lang='lat' dir='ltr'>consessum</span> <span class='ocrx_word' id='word_1_208' title='bbox 718 2708 879 2782; x_wconf 91' lang='lat' dir='ltr'>oculosque</span> <span class='ocrx_word' id='word_1_209' title='bbox 900 2725 1019 2764; x_wconf 90' lang='lat' dir='ltr'>suorum</span> 
     </span>
     <span class='ocr_line' id='line_1_34' title="bbox 103 2786 873 2864; baseline -0.003 -18"><span class='ocrx_word' id='word_1_210' title='bbox 103 2789 277 2848; x_wconf 88' lang='lat' dir='ltr'>Lustravere</span> <span class='ocrx_word' id='word_1_211' title='bbox 300 2788 332 2846; x_wconf 91' lang='lat' dir='ltr'>in</span> <span class='ocrx_word' id='word_1_212' title='bbox 355 2787 447 2864; x_wconf 91' lang='lat' dir='ltr'>equis,</span> <span class='ocrx_word' id='word_1_213' title='bbox 474 2786 591 2863; x_wconf 90' lang='lat' dir='ltr'>signum</span> <span class='ocrx_word' id='word_1_214' title='bbox 614 2788 743 2846; x_wconf 87' lang='lat' dir='ltr'>clamore</span> <span class='ocrx_word' id='word_1_215' title='bbox 764 2786 873 2861; x_wconf 91' lang='lat' dir='ltr'>paratis</span> 
     </span>
    </p>

    <p class='ocr_par' dir='ltr' id='par_1_21' title="bbox 104 2865 820 2944">
     <span class='ocr_line' id='line_1_35' title="bbox 104 2865 820 2944; baseline -0.004 -17"><span class='ocrx_word' id='word_1_216' title='bbox 104 2867 247 2944; x_wconf 89' lang='lat' dir='ltr'>Epytides</span> <span class='ocrx_word' id='word_1_217' title='bbox 268 2870 356 2944; x_wconf 89' lang='lat' dir='ltr'>longe</span> <span class='ocrx_word' id='word_1_218' title='bbox 380 2867 463 2928; x_wconf 92' lang='lat' dir='ltr'>dedit</span> <span class='ocrx_word' id='word_1_219' title='bbox 483 2865 675 2941; x_wconf 89' lang='lat' dir='ltr'>insonuitque</span> <span class='ocrx_word' id='word_1_220' title='bbox 696 2867 820 2940; x_wconf 84' lang='lat' dir='ltr'>flagello.</span> 
     </span>
    </p>

    <p class='ocr_par' dir='ltr' id='par_1_22' title="bbox 103 2945 1098 3102">
     <span class='ocr_line' id='line_1_36' title="bbox 103 2945 1098 3025; baseline -0.006 -15"><span class='ocrx_word' id='word_1_221' title='bbox 103 2948 166 3010; x_wconf 91' lang='lat' dir='ltr'>Olli</span> <span class='ocrx_word' id='word_1_222' title='bbox 190 2948 349 3008; x_wconf 88' lang='lat' dir='ltr'>discurrere</span> <span class='ocrx_word' id='word_1_223' title='bbox 370 2967 463 3025; x_wconf 89' lang='lat' dir='ltr'>pares,</span> <span class='ocrx_word' id='word_1_224' title='bbox 487 2957 576 3022; x_wconf 90' lang='lat' dir='ltr'>atque</span> <span class='ocrx_word' id='word_1_225' title='bbox 600 2945 719 3022; x_wconf 88' lang='lat' dir='ltr'>agmina</span> <span class='ocrx_word' id='word_1_226' title='bbox 742 2946 817 3004; x_wconf 89' lang='lat' dir='ltr'>temi</span> <span class='ocrx_word' id='word_1_227' title='bbox 1040 2947 1098 3022; x_wconf 85' lang='lat'>580</span> 
     </span>
     <span class='ocr_line' id='line_1_37' title="bbox 103 3025 805 3102; baseline -0.003 -14"><span class='ocrx_word' id='word_1_228' title='bbox 103 3025 242 3088; x_wconf 86' lang='lat' dir='ltr'>Diductis</span> <span class='ocrx_word' id='word_1_229' title='bbox 265 3030 378 3088; x_wconf 90' lang='lat' dir='ltr'>solvere</span> <span class='ocrx_word' id='word_1_230' title='bbox 399 3027 504 3100; x_wconf 92' lang='lat' dir='ltr'>choris,</span> <span class='ocrx_word' id='word_1_231' title='bbox 527 3044 684 3102; x_wconf 91' lang='lat' dir='ltr'>rursusque</span> <span class='ocrx_word' id='word_1_232' title='bbox 707 3025 805 3086; x_wconf 90' lang='lat' dir='ltr'>vocati</span> 
     </span>
    </p>

    <p class='ocr_par' dir='ltr' id='par_1_23' title="bbox 102 3107 755 3184">
     <span class='ocr_line' id='line_1_38' title="bbox 102 3107 755 3184; baseline -0.006 -14"><span class='ocrx_word' id='word_1_233' title='bbox 102 3111 283 3170; x_wconf 89' lang='lat' dir='ltr'>Convertere</span> <span class='ocrx_word' id='word_1_234' title='bbox 305 3108 368 3167; x_wconf 92' lang='lat' dir='ltr'>vias</span> <span class='ocrx_word' id='word_1_235' title='bbox 389 3108 554 3184; x_wconf 88' lang='lat' dir='ltr'>infestaque</span> <span class='ocrx_word' id='word_1_236' title='bbox 576 3107 637 3166; x_wconf 90' lang='lat' dir='ltr'>tela</span> <span class='ocrx_word' id='word_1_237' title='bbox 656 3107 755 3167; x_wconf 90' lang='lat' dir='ltr'>tulere.</span> 
     </span>
    </p>

    <p class='ocr_par' dir='ltr' id='par_1_24' title="bbox 102 3185 845 3263">
     <span class='ocr_line' id='line_1_39' title="bbox 102 3185 845 3263; baseline -0.004 -13"><span class='ocrx_word' id='word_1_238' title='bbox 102 3189 182 3250; x_wconf 91' lang='lat' dir='ltr'>Inde</span> <span class='ocrx_word' id='word_1_239' title='bbox 206 3187 280 3248; x_wconf 89' lang='lat' dir='ltr'>alios</span> <span class='ocrx_word' id='word_1_240' title='bbox 302 3187 405 3247; x_wconf 92' lang='lat' dir='ltr'>ineunt</span> <span class='ocrx_word' id='word_1_241' title='bbox 427 3207 529 3248; x_wconf 90' lang='lat' dir='ltr'>cursus</span> <span class='ocrx_word' id='word_1_242' title='bbox 553 3185 687 3263; x_wconf 89' lang='lat' dir='ltr'>aliosque</span> <span class='ocrx_word' id='word_1_243' title='bbox 710 3207 845 3248; x_wconf 90' lang='lat' dir='ltr'>recursus</span> 
     </span>
    </p>

    <p class='ocr_par' dir='ltr' id='par_1_25' title="bbox 80 3267 1094 3426">
     <span class='ocr_line' id='line_1_40' title="bbox 102 3267 830 3345; baseline -0.003 -17"><span class='ocrx_word' id='word_1_244' title='bbox 102 3267 243 3328; x_wconf 91' lang='lat' dir='ltr'>Adversis</span> <span class='ocrx_word' id='word_1_245' title='bbox 266 3268 375 3345; x_wconf 87' lang='lat' dir='ltr'>spatiis,</span> <span class='ocrx_word' id='word_1_246' title='bbox 400 3268 579 3344; x_wconf 90' lang='lat' dir='ltr'>alternisque</span> <span class='ocrx_word' id='word_1_247' title='bbox 601 3268 722 3328; x_wconf 90' lang='lat' dir='ltr'>orbibus</span> <span class='ocrx_word' id='word_1_248' title='bbox 744 3270 830 3328; x_wconf 91' lang='lat' dir='ltr'>orbes</span> 
     </span>
     <span class='ocr_line' id='line_1_41' title="bbox 80 3346 1094 3426; baseline -0.005 -17"><span class='ocrx_word' id='word_1_249' title='bbox 80 3348 284 3425; x_wconf 59' lang='lat' dir='ltr'>,Impediunt</span> <span class='ocrx_word' id='word_1_250' title='bbox 309 3367 486 3426; x_wconf 87' lang='lat' dir='ltr'>pugnaeque</span> <span class='ocrx_word' id='word_1_251' title='bbox 508 3348 588 3406; x_wconf 87' lang='lat' dir='ltr'>cient</span> <span class='ocrx_word' id='word_1_252' title='bbox 612 3347 768 3406; x_wconf 91' lang='lat' dir='ltr'>simulacra</span> <span class='ocrx_word' id='word_1_253' title='bbox 792 3350 848 3408; x_wconf 88' lang='lat' dir='ltr'>sub</span> <span class='ocrx_word' id='word_1_254' title='bbox 871 3346 976 3406; x_wconf 88' lang='lat' dir='ltr'>armis:</span> <span class='ocrx_word' id='word_1_255' title='bbox 1039 3349 1094 3422; x_wconf 88' lang='grc'>585</span> 
     </span>
    </p>
   </div>
   <div class='ocr_carea' id='block_1_3' title="bbox 0 0 1234 3686">
    <p class='ocr_par' dir='ltr' id='par_1_26' title="bbox 0 0 1234 3686">
     <span class='ocr_line' id='line_1_42' title="bbox 0 0 1234 3686; baseline 0 1"><span class='ocrx_word' id='word_1_256' title='bbox 0 0 1234 3686; x_wconf 95' lang='lat' dir='ltr'> </span> 
     </span>
    </p>
   </div>
  </div>
 </body>
</html>
