2494 3702
363 99 637 162 Gaoaorcorv
649 101 734 158 ara
757 101 821 159 m.
1030 117 1081 175 131

90 247 216 326 Optima
236 267 371 326 quaeque
391 246 455 308 dies
475 245 588 308 miseris
609 249 780 309 mortalibus
800 250 865 309 aevi

89 329 191 388 Prima
210 329 301 406 fugit,
329 331 456 388 subeunt
475 327 572 389 morbi
591 328 740 405 tristisque
760 341 898 391 senectus

89 411 130 468 Et
149 411 242 481 labor,
265 419 295 468 et
315 410 406 468 durae
426 407 503 486 rapit
521 408 712 469 inclementia
730 409 841 469 mortis.

87 492 215 566 Semper
235 501 328 562 erunt,
350 508 474 565 quarum
494 489 599 548 mutari
619 509 745 567 corpora
764 490 867 550 malis:

86 572 213 647 Semper
233 569 312 628 enim
332 571 420 628 refice
439 588 483 640 ac,
505 589 543 628 ne
563 581 631 646 post
651 570 758 630 amissa
777 569 915 647 requiras,
1047 590 1083 646 70

86 649 246 723 Anteveni,
270 659 299 708 et
320 649 453 709 subolem
474 661 608 709 armento
629 650 730 710 sortire
750 651 918 726 quotannis.

129 732 196 790 Nec
217 749 279 789 non
299 740 330 788 et
349 729 450 804 pecori
471 740 515 789 est
535 729 616 789 idem
636 732 768 790 delectus
789 732 907 806 equino.

86 813 137 869 Tu
159 811 260 884 mod0,
282 829 356 886 quos
376 810 407 868 in
428 829 512 886 spem
532 821 642 870 statues
663 810 834 871 submittere
854 809 959 888 gentis,

86 890 287 967 Praecipuum
307 890 365 949 iam
386 889 457 949 inde
477 911 496 950 a
516 891 623 950 teneris
642 890 782 982 impende
802 893 943 951 laborem.

87 971 243 1032 Continuo
263 970 378 1047 pecoris
397 970 532 1046 generosi
551 971 676 1047 pullus
668 990 699 1028 111
719 971 795 1030 arvis
1046 989 1080 1047 75

87 1052 187 1111 Altius
207 1051 366 1141 ingreditur
387 1061 416 1110 et
438 1049 537 1109 mollia
557 1070 641 1110 crura
660 1051 795 1127 reponit;

87 1127 205 1192 Primus
225 1142 256 1190 et
276 1131 317 1189 ire
337 1130 416 1189 viam
437 1141 466 1190 et
487 1131 591 1189 fluvios
612 1141 757 1207 temptare
776 1130 923 1192 minantes

86 1213 198 1288 Audet,
222 1221 253 1271 et
272 1211 374 1288 ignoto
395 1229 460 1270 sese
481 1210 664 1270 committere
686 1209 779 1287 ponti,

88 1295 155 1364 Nec
175 1311 270 1350 vanos
290 1293 388 1350 horret
409 1290 553 1368 strepitus.
596 1290 644 1349 Illi
665 1292 756 1351 ardua
775 1290 873 1351 cervix

87 1376 296 1449 Argutumque
315 1383 414 1448 caput,
435 1371 531 1431 brevis
552 1371 633 1431 alvos
654 1372 803 1448 obesaque
824 1384 912 1449 terga,
1043 1375 1082 1431 80

88 1453 289 1528 Luxuriatque
310 1452 380 1510 toris
401 1451 567 1510 animosum
588 1463 699 1525 pectus.
743 1454 872 1513 Honesti

87 1533 232 1610 Spadices
250 1531 414 1608 glaucique,
436 1533 518 1592 color
537 1531 709 1591 deterrimus
729 1532 802 1592 albis

88 1616 128 1672 Et
147 1612 235 1689 gilvo
277 1614 365 1684 Tum,
387 1613 412 1671 si
432 1631 491 1688 qua
510 1631 617 1670 sonum
637 1614 741 1688 procul
761 1633 842 1673 arma
861 1614 979 1687 dedere,

87 1697 172 1754 Stare
193 1694 260 1753 loco
281 1693 385 1765 nescit,
406 1692 496 1751 micat
515 1692 633 1751 auribus
654 1702 684 1751 et
703 1692 801 1752 tremit
821 1705 906 1768 artus,

87 1775 317 1848 Collectumque
337 1775 464 1832 fremens
483 1771 575 1830 volvit
596 1773 651 1830 sub
672 1771 791 1832 naribus
811 1772 917 1850 ignem.
1043 1776 1078 1850 85

86 1855 193 1914 Densa
213 1852 290 1926 iuba,
314 1864 344 1911 et
364 1854 467 1912 dextro
487 1851 596 1910 iactata
614 1851 757 1911 recumbit
777 1852 808 1912 in
829 1873 929 1926 armo;

86 1937 128 1993 At
149 1935 261 2010 duplex
280 1933 374 2008 agitur
394 1952 447 2008 per
466 1932 584 1990 lumbos
604 1931 698 2007 spina,
720 1945 863 2009 cavatque

85 2015 240 2074 Tellurem
260 2025 290 2072 et
310 2013 407 2072 solido
427 2010 552 2088 graviter
571 2023 657 2070 sonat
677 2014 787 2088 ungula
807 2031 906 2072 cornu.

86 2093 172 2154 Talis
193 2091 344 2169 Amyclaei
365 2092 495 2151 domitus
516 2091 644 2150 Pollucis
665 2091 789 2150 habenis

86 2175 225 2250 Cyllarus
245 2183 282 2246 et,
304 2191 429 2247 quorum
450 2170 521 2230 Grai
545 2171 705 2231 meminere
725 2181 840 2248 poetae,
1043 2194 1082 2250 90

87 2254 197 2314 Martis
218 2251 287 2327 equi
307 2252 420 2328 biiuges
440 2262 470 2310 et
491 2250 590 2326 magni
610 2270 710 2310 currus
731 2251 849 2311 Achilli.

85 2332 172 2394 Talis
193 2343 223 2392 et
242 2333 306 2409 ipse
325 2331 425 2391 iubam
445 2331 559 2390 cervice
580 2331 683 2390 effudit
703 2331 811 2408 equina

86 2411 233 2489 Coniugis
252 2413 382 2472 adventu
402 2411 506 2488 pernix
525 2413 673 2484 Saturnus,
696 2422 726 2470 et
746 2412 838 2471 altum

87 2493 196 2554 Pelion
215 2490 330 2551 hinnitu
350 2492 463 2568 fugiens
483 2489 615 2566 implevit
634 2502 730 2550 acuto.
878 2534 880 2538 s
1043 2514 1081 2569 94

130 2576 225 2633 Hunc
238 2591 365 2648 quoque,
378 2571 430 2631 ubi
442 2581 493 2629 aut
506 2572 610 2630 morbo
623 2571 717 2648 gravis
731 2583 782 2631 aut
794 2571 854 2631 iarn
868 2572 985 2648 segnior
997 2573 1081 2632 annis

89 2653 209 2728 Deficit,
231 2653 307 2712 abde
327 2653 419 2712 domo
440 2670 496 2710 nec
517 2650 594 2726 turpi
613 2650 733 2727 ignosce
753 2664 898 2712 senectae

89 2733 254 2810 Frigidus
246 2752 278 2791 1n
298 2735 446 2791 Venerem
466 2731 573 2804 senior,
594 2733 756 2807 frustraque
777 2733 908 2791 laborem

89 2817 245 2890 Ingratum
265 2812 360 2886 trahit,
384 2822 421 2883 et,
443 2810 468 2870 si
488 2812 610 2888 quando
630 2812 669 2870 ad
689 2811 801 2887 proelia
820 2822 941 2871 ventum
961 2822 1014 2885 est,

90 2896 137 2956 Ut
157 2893 337 2970 quondam
329 2911 361 2951 m
381 2855 495 2967 stipulis
515 2911 639 2982 magnus
659 2890 723 2950 sine
743 2889 878 2950 viribus
871 2891 954 2968 ignis,

91 2975 247 3034 Incassum
267 2972 342 3032 furit.
386 2974 464 3048 Ergo
485 2971 600 3030 animos
620 2989 784 3046 aevomque
805 2983 857 3030 not
847 2972 922 3032 tabis
1027 2993 1082 3030 100

91 3053 272 3144 Praecipue3
299 3052 369 3112 hinc
389 3053 460 3111 alias
481 3063 557 3111 artes
577 3053 750 3127 prolemque
771 3065 926 3126 parentum

93 3137 132 3195 Et
153 3135 218 3211 quis
239 3132 346 3210 cuique
367 3133 452 3193 dolor
472 3132 560 3223 victo,
581 3149 657 3206 quae
677 3129 769 3207 gloria
787 3133 912 3206 palmae.

93 3219 203 3276 Nonne
223 3214 314 3285 vides,
336 3233 403 3272 cum
424 3210 576 3289 praecipiti
595 3210 756 3270 certamine
776 3230 914 3288 campum

93 3295 279 3372 Corripuere,
299 3303 446 3368 ruuntque
467 3292 550 3349 effusi
570 3309 684 3349 carcere
705 3307 813 3360 currus,

94 3378 171 3438 Cum
193 3394 261 3450 spes
281 3385 411 3432 arrectae
432 3371 581 3442 iuvenum,
603 3366 821 3474 exultantiaque
841 3365 937 3424 haurit
1030 3382 1083 3439 105

928 3491 1003 3544 9-2
