2462 3678
382 98 620 156 AENEIDOS
637 101 722 157 ΜΒ.
747 101 805 158 IX.
1025 123 1083 179 343

72 229 88 256 ‘
107 225 184 282 Non
204 219 327 282 infelicis
346 221 456 298 patriae
478 234 666 298 veterumque
688 225 811 284 deorum

73 308 90 335 ‘
106 305 149 361 Et
170 301 270 378 magni
290 305 417 374 Aeneae,
440 321 552 378 segnes,
575 303 751 379 miseretque
771 306 923 381 pudetque
932 307 956 367 i'
1062 301 1065 310 λ

71 382 216 441 Talibus
236 381 353 440 accensi
372 384 524 440 firmantur
544 392 573 441 et
594 383 711 459 agmine
731 386 836 444 denso

76 463 277 522 Consistunt.
318 463 436 520 Turnus
457 461 598 537 paulatim
620 463 761 523 excedere
781 483 882 541 pugna

77 543 130 599 Et
154 540 274 600 fluvium
295 551 394 616 petere
415 560 450 599 ac
470 553 591 617 partem,
613 562 689 618 quae
710 543 834 619 cingitur
854 546 946 618 unda;
1025 561 1082 622 790

80 619 199 678 Acrius
219 622 276 679 hoc
297 622 404 680 Teucri
425 623 552 680 clamore
572 620 743 682 incumbere
764 643 871 699 magno

82 702 131 759 Et
153 702 313 776 glomerare
334 719 462 759 manum.
505 703 569 761 Ceu
590 720 710 760 saevum
732 703 816 761 turba
836 705 953 762 leonem

83 781 172 840 Cum
191 780 256 840 telis
276 779 383 855 premit
402 780 522 840 infensis
528 801 536 852 3
563 791 594 839 at
614 782 728 841 territus
749 781 807 853 ille,

85 862 197 935 Asper,
219 861 325 919 acerba
345 873 438 932 tuens,
459 872 536 919 retro
557 860 640 930 redit,
662 873 692 919 et
712 881 811 937 neque
831 873 912 938 terga

85 941 142 998 Ira
162 941 232 998 dare
253 950 304 999 aut
323 938 412 998 virtus
433 939 548 1015 patitur,
571 959 627 998 nec
648 940 769 1000 tendere
789 953 891 1000 contra
1025 961 1079 1020 795

86 1018 163 1096 (Ille
184 1019 306 1095 quidem
326 1020 384 1077 hoc
404 1019 539 1094 cupiens)
559 1019 636 1094 potis
658 1031 702 1078 est
722 1039 776 1095 per
796 1023 854 1080 tela
874 1020 1025 1096 virosque:

86 1099 187 1158 Haud
207 1098 290 1158 aliter
310 1110 387 1158 retro
407 1098 514 1158 dubius
535 1098 657 1174 vestigia
677 1102 794 1158 Turnus

86 1180 289 1254 Inproperata
308 1180 402 1248 refert,
423 1189 453 1237 et
474 1198 558 1237 mens
580 1189 731 1237 exaestuat
752 1178 801 1237 ira.

86 1257 174 1332 Quin
195 1258 283 1317 etiam
304 1258 349 1318 bis
370 1269 432 1316 tum
453 1258 568 1317 medios
589 1258 733 1316 invaserat
753 1259 861 1332 hostes,

87 1336 143 1396 Bis
165 1339 287 1397 confusa
307 1339 375 1414 fuga
394 1357 447 1413 per
466 1356 566 1396 muros
586 1335 704 1413 agmina
724 1338 822 1412 vertit;
1023 1345 1081 1399 800

87 1418 150 1476 Sed
172 1437 314 1477 manusc
335 1417 434 1476 castris
455 1436 579 1493 propere
600 1417 659 1475 coit
681 1417 777 1476 omnis
797 1417 828 1476 in
849 1438 950 1492 unum,

87 1499 159 1555 Nec
179 1509 281 1556 contra
301 1497 375 1556 vires
396 1498 487 1556 audet
507 1496 641 1556 Saturnia
662 1499 740 1556 Iuno

87 1577 244 1649 Sufficere3
265 1577 372 1636 aeriam
393 1579 476 1635 caelo
497 1595 567 1634 nam
590 1577 724 1652 Iuppiter
744 1577 815 1637 Irim

89 1656 220 1716 Demisit
238 1676 393 1733 germanae
413 1657 493 1715 haud
514 1655 613 1715 mollia
633 1655 711 1718 iussa
731 1659 881 1732 ferentem,

89 1736 133 1795 Ni
154 1739 272 1796 Turnus
292 1739 378 1796 cedat
398 1739 580 1795 Teucrorum
603 1737 757 1797 moenibus
778 1739 852 1799 altis.
956 1769 959 1776 ν
1022 1740 1078 1816 805

90 1818 171 1892 Ergo
192 1836 249 1876 nec
268 1816 364 1892 clipeo
384 1813 499 1875 iuvenis
520 1815 679 1874 subsistere
700 1827 815 1875 tanturn

89 1897 158 1955 Nec
177 1898 278 1956 dextra
298 1897 388 1956 valet:
415 1895 530 1955 iniectis
551 1894 594 1954 sic
613 1895 744 1971 undique
765 1896 829 1956 telis

90 1976 239 2036 Obruitur.
282 1975 388 2052 Strepit
409 1975 535 2035 adsiduo
556 1995 629 2034 cava
649 1987 783 2050 tempora
803 1975 913 2035 circum

89 2055 213 2116 Tinnitu
232 2059 323 2134 galea,
346 2067 376 2116 et
396 2055 474 2114 saxis
494 2054 589 2114 solida
609 2073 677 2113 aera
697 2055 843 2127 fatiscunt,

91 2135 310 2213 Discussaeque
330 2135 417 2196 iubae
439 2134 537 2210 capiti,
560 2153 615 2193 nec
636 2134 742 2193 sufficit
762 2136 853 2194 umbo
1021 2137 1080 2194 810

91 2216 218 2277 Ictibus=
245 2215 426 2293 ingeminant
447 2215 538 2274 hastis
559 2225 589 2273 et
609 2215 703 2273 Troes
725 2225 754 2273 et
775 2214 838 2290 ipse

90 2296 263 2356 Fulmineus
285 2297 465 2355 Mnestheus.
509 2297 587 2353 Tum
609 2304 673 2352 toto
694 2313 817 2370 corpore
837 2297 927 2354 sudor

90 2375 226 2452 Liquitur
247 2388 276 2436 et
297 2376 415 2452 piceum
438 2373 506 2452 (nec
527 2374 665 2449 respirare
687 2374 831 2451 potestas)

90 2457 215 2515 Flumen
236 2455 308 2532 agit,
336 2457 429 2515 fessos
450 2452 543 2529 quatit
564 2472 650 2529 aeger
670 2455 815 2513 anhelitus
836 2466 922 2515 artus.

89 2537 169 2594 Tum
191 2537 311 2596 demum
330 2553 472 2610 praeceps
493 2535 568 2591 saltu
590 2552 653 2591 sese
674 2535 812 2593 omnibus
833 2535 920 2594 armis
1021 2537 1078 2610 815

91 2617 128 2673 In
149 2615 269 2674 fluvium
291 2615 386 2674 dedit:
413 2613 462 2672 ille
484 2631 538 2672 suo
560 2631 628 2670 curn
648 2612 759 2688 gurgite
780 2614 855 2672 flavo

90 2695 213 2771 Accepit
235 2694 403 2754 venientem
424 2711 459 2750 ac
480 2690 616 2750 mollibus
637 2691 740 2749 extulit
761 2693 847 2750 undis

91 2777 129 2834 Et
149 2776 259 2834 laetum
281 2773 368 2833 sociis
389 2773 490 2832 abluta
511 2771 603 2829 caede
623 2769 740 2828 remisit
