2462 3678
156 103 213 178 306
408 103 444 159 P.
480 102 668 160 VERGILI
688 100 899 159 MARONJS

161 229 227 286 lma
246 238 369 303 petens:
391 247 451 287 nor
471 230 595 288 Aenean
615 245 798 303 somnusque
818 226 943 303 reliquit

157 307 263 382 Surgit,
286 319 316 368 et
336 307 458 368 aetherii
479 318 616 384 spectans
636 306 761 367 orientia
781 307 857 366 Solis

159 387 294 461 Lumina,
316 387 372 447 rite
392 387 471 447 cavis
492 388 605 446 undam
625 388 664 447 de
685 387 808 446 flumine
827 385 936 463 palmis

158 468 297 538 Sustinet,
320 487 354 526 ac
375 468 448 526 tales
470 467 594 527 effundit
615 467 654 526 ad
675 468 796 526 aethera
816 485 922 526 voces:
1138 485 1173 541 70

160 548 345 622 ‘Nymphae
361 549 522 606 Laurentes
545 547 711 622 Nymphae,
726 565 822 622 genus
842 546 983 605 amnibus
1005 549 1098 608 unde
1119 562 1171 613 est,

160 628 292 702 ‘Tuque
315 647 333 685 0
354 627 466 702 Thybri
487 637 538 686 tuo
558 626 675 702 genitor
694 645 763 684 cum
784 625 905 684 flumine
926 637 1048 697 sanctu,

158 705 312 782 ‘Accipite
334 708 464 777 Aenean,
487 717 516 766 et
537 708 658 765 tandem
679 717 777 765 arcete
796 703 920 781 periclis.

160 786 247 861 ‘Quo
268 796 296 845 te
317 805 445 862 cumque
465 788 546 845 lacus
567 785 755 846 miserantem
776 784 971 845 incommoda
992 798 1104 844 nostra

159 867 272 925 ‘Fonte
292 876 381 937 tenet,
403 884 593 941 quocumque
614 868 678 926 solo
699 865 911 941 pulcherrimus
932 864 1008 937 exis,
1134 883 1149 939 7
1153 885 1167 940 5

159 945 296 1020 ‘Semper
317 946 428 1004 honore
449 965 525 1014 meo,
548 964 665 1021 semper
684 947 870 1004 celebrabere
890 944 989 1016 donis,

158 1024 319 1100 ‘Corniger
342 1025 542 1100 Hesperidum
563 1024 669 1084 fluvius
689 1036 825 1100 regnator
844 1044 1011 1100 aquarum:

160 1103 266 1163 ‘Adsis
287 1123 305 1164 o
327 1114 450 1174 tantum,
474 1115 503 1164 et
524 1104 644 1181 propius
664 1115 716 1163 tua
736 1103 860 1164 numina
880 1106 1000 1164 firmes.’

158 1183 207 1244 Sic
228 1195 381 1254 memorat,
403 1184 594 1260 geminasque
615 1183 685 1260 legit
706 1185 744 1245 de
765 1186 858 1244 classe
879 1184 1017 1256 biremes,

157 1262 356 1339 Remigioque
377 1275 479 1340 aptat;
507 1263 604 1324 socios
626 1263 713 1323 simul
733 1262 849 1323 instruit
869 1264 965 1323 armis.
1129 1268 1167 1322 80

197 1346 276 1403 Ecce
297 1355 397 1402 autem
418 1344 549 1404 subitum
570 1355 659 1420 atque
681 1343 774 1403 oculis
795 1343 930 1404 mirabile
952 1355 1139 1416 monstrum,

159 1423 298 1483 Candida
317 1443 370 1500 per
390 1423 493 1483 silvam
514 1444 581 1482 cum
602 1427 664 1483 fetu
685 1425 826 1484 concolor
846 1425 915 1483 albo

156 1503 318 1563 Procubuit
337 1503 481 1580 viridique
501 1503 532 1563 in
554 1503 638 1564 litore
658 1503 838 1580 conspicitur
859 1523 925 1566 sus:

159 1585 257 1658 Quam
278 1583 345 1659 pius
367 1587 484 1643 Aeneas
505 1583 558 1644 tibi
579 1583 668 1655 enirn,
689 1583 752 1658 tibi,
774 1583 902 1644 maxima
927 1586 1017 1655 luno,

158 1666 271 1723 Mactat
293 1665 490 1724 sacraferens
511 1674 628 1723 etcum
649 1683 737 1740 grege
758 1662 832 1724 sistit
853 1665 892 1723 ad
912 1682 1005 1722 aram.
1125 1666 1161 1738 85
1218 1679 1219 1704 ³

156 1743 283 1819 Thybris
304 1763 339 1802 ea
360 1745 491 1815 fluvium,
515 1763 604 1820 quam
625 1745 714 1820 longa
734 1755 787 1816 est,
809 1755 898 1803 noete
918 1754 1092 1802 tumentem

158 1822 263 1895 Leniit,
287 1835 315 1882 et
337 1824 426 1882 tacita
446 1825 572 1884 refluens
593 1824 634 1883 ita
654 1823 782 1883 substitit
802 1825 891 1896 unda,

158 1902 240 1962 Mitis
261 1913 294 1961 ut
314 1903 344 1961 in
365 1923 477 1962 morem
499 1902 593 1979 stagni
614 1903 808 1980 placidaeque
830 1903 947 1979 paludis

156 1983 303 2042 Sterneret
323 2001 434 2059 aequor
454 1983 545 2059 aquis,
568 2002 651 2043 remo
671 1994 704 2042 ut
724 1985 874 2042 luctamen
896 1984 1023 2042 abesset

158 2063 237 2138 Ergo
258 2063 312 2123 iter
332 2062 484 2140 inceptum
504 2065 634 2123 celerant
654 2082 770 2122 rumore
791 2064 930 2123 secundo.
1124 2083 1162 2137 90

157 2141 279 2202 Labitur
300 2153 390 2202 uncta
411 2143 494 2202 vadis
513 2143 614 2203 abies:
641 2143 784 2202 mirantur
804 2154 833 2202 et
854 2143 961 2214 undae,

158 2222 283 2282 Miratur
301 2242 405 2282 nemus
427 2223 576 2282 insuetum
598 2223 738 2300 fulgentia
759 2225 847 2298 longe

156 2302 246 2361 Scuta
268 2301 362 2362 virum
389 2303 479 2362 fluvio
502 2303 656 2379 pictasque
679 2303 780 2363 innare
803 2301 922 2362 carinas.

157 2380 217 2442 Olli
236 2383 358 2460 remigio
380 2394 558 2459 noctemque
580 2383 720 2459 diemque
743 2381 872 2459 fatigant,

157 2462 196 2520 Et
216 2463 320 2538 longos
341 2474 479 2538 superant
499 2465 600 2536 flexus,
624 2463 769 2539 variisque
793 2471 931 2538 teguntur
1122 2479 1157 2537 95
1218 2489 1219 2496 ¹

156 2542 327 2615 Arboribus,
350 2542 516 2619 viridesque
537 2555 639 2603 secant
660 2543 779 2620 placido
799 2560 929 2617 aequore
956 2539 1053 2600 silvas.

156 2622 207 2680 Sol
229 2621 360 2680 medium
383 2623 457 2682 caeli
481 2625 694 2683 conscenderat
716 2623 820 2699 igneus
841 2624 951 2692 orbem,

158 2702 236 2760 Cum
258 2720 358 2760 muros
382 2722 540 2780 arcemque
561 2705 664 2779 procul
687 2722 722 2762 ac
745 2722 809 2762 rara
831 2703 985 2761 domorum

156 2781 251 2839 Tecta
271 2780 381 2854 vident,
407 2803 484 2858 quae
506 2803 586 2842 nunc
608 2786 748 2842 Romana
769 2781 903 2858 potentia
926 2779 1011 2840 eaelo

157 2859 310 2935 Aequavit,
334 2874 397 2921 tum
421 2883 467 2923 res
484 2862 587 2940 inopes
610 2865 766 2923 Euandrus
788 2862 924 2922 habebat
1101 2880 1156 2918 roo

157 2939 248 2999 Ocius
270 2942 427 3001 advertunt
448 2961 556 3018 proras,
582 2943 708 3019 urbique
732 2943 939 3019 propinquant.

197 3021 285 3078 Forte
308 3022 357 3081 die
374 3023 548 3086 sollemnem
569 3022 620 3082 illo
644 3043 695 3082 rex
719 3025 813 3081 Arcas
836 3022 980 3080 honorem

156 3099 439 3175 Amphitryoniadae
469 3121 578 3178 magno
596 3101 731 3178 divisque
753 3102 865 3161 ferebat

155 3178 237 3236 Ante
258 3179 363 3238 urbem
385 3180 415 3238 in
440 3184 515 3240 luco.
560 3183 655 3240 Pallas
679 3180 750 3240 huic
771 3179 848 3240 filius
870 3197 938 3248 una,

157 3257 230 3312 Una
252 3275 355 3313 omnes
378 3257 516 3314 iuvenum
539 3259 624 3332 primi
648 3278 819 3334 pauperque
836 3269 954 3318 senatus
1098 3277 1148 3335 ¹⁰5

157 3331 239 3388 Tura
259 3333 376 3401 dabant,
406 3332 582 3406 tepidusque
601 3356 687 3393 cruor
707 3339 841 3396 fumabat
858 3338 898 3396 ad
919 3355 991 3394 aras.
