2460 3686
354 100 594 160 AENEIDOS
616 100 701 158 LIB.
723 100 782 158 IV.
1005 115 1060 174 227

62 251 154 308 ‘Nec
173 258 205 310 te
224 258 325 308 noster
344 267 434 321 amor,
455 268 512 308 nec
531 259 562 309 te
582 249 652 308 data
672 250 792 309 dextera
812 249 970 324 quondam,

64 330 115 385 ‘N
118 347 153 387 ec
173 328 312 386 moritura
333 338 414 387 tenet
433 327 545 387 crudeli
564 329 665 388 funere
679 328 783 389 Dido?

64 407 169 482 ‘Quin
190 405 279 466 etiarn
298 406 423 466 hiberno
442 407 553 466 moliris
575 407 669 468 sidere
689 409 822 479 classem,

63 489 127 544 ‘Et
148 486 253 544 mediis
273 503 412 560 properas
432 485 628 563 Aquilonibus
647 487 689 546 ire
709 505 761 562 per
780 487 881 557 altum,
1003 504 1061 561 310

63 563 246 626 ‘Crudelisl
273 565 375 639 Quid?
403 564 509 624 sinon
529 585 597 624 arva
617 566 713 624 aliena
733 567 899 641 domosque

64 646 211 719 ‘Ignoras
231 653 354 719 peteres,
370 654 400 703 et
412 645 502 704 Troia
521 644 643 720 antiqua
663 656 803 717 maneret,

63 723 179 782 ‘Troia
199 742 252 797 per
271 724 419 782 undosum
440 735 587 799 peteretur
605 724 747 784 classibus
767 724 901 799 aequor?

62 815 74 836 ⁴
84 805 181 860 Mene
195 801 291 877 fugis?
313 804 368 861 Per
382 821 437 877 ego
451 805 505 861 has
518 801 652 861 lacrimas
666 805 859 878 dextramque
874 813 954 860 tuam
967 812 1049 875 te,-

64 882 219 955 ‘Quando
239 880 319 940 aliud
339 881 411 939 mihi
432 881 490 940 iam
510 881 633 940 miserae
654 882 725 940 nihil
746 881 810 958 ipsa
829 881 973 957 reliqui-
1003 897 1059 956 315

68 963 146 1019 ‘Per
167 959 295 1019 conubia
314 971 421 1030 nostra,
443 979 496 1035 per
514 959 648 1036 inceptos
669 963 856 1036 hymenaeos,

64 1039 122 1098 ‘Si
142 1041 220 1098 bene
241 1039 313 1115 quid
333 1039 373 1098 de
393 1051 423 1098 te
442 1039 542 1110 merui,
564 1040 618 1098 fuit
637 1051 687 1099 aut
707 1041 761 1098 tibi
781 1039 944 1116 quidquam

66 1119 187 1177 ‘Dulce
208 1137 325 1177 meum:
354 1118 488 1177 miserere
509 1121 616 1177 domus
636 1119 770 1190 labentis,
792 1129 822 1178 et
842 1118 936 1189 istam,

67 1199 160 1268 ‘Or0‚
182 1196 206 1255 si
226 1197 292 1272 quis
312 1197 409 1256 adhuc
429 1197 565 1273 precibus
586 1199 676 1270 locus,
699 1217 773 1257 exue
793 1209 931 1256 mentem.

68 1279 133 1335 ‘Te
155 1287 274 1352 propter
295 1276 422 1352 Libycae
442 1288 546 1353 gentes
567 1278 797 1352 Nomadumque
817 1275 932 1352 tyranni
1004 1297 1063 1351 320

68 1357 199 1429 ‘Odere,
220 1355 326 1415 infensi
346 1355 426 1432 Tyrii
435 1376 444 1427 ;
471 1367 500 1414 te
520 1367 639 1433 propter
658 1357 784 1416 eundem

67 1435 261 1494 ‘Exstinctus
281 1435 384 1510 pudor,
408 1446 445 1505 et,
467 1454 526 1510 qua
546 1436 609 1494 sola
629 1435 725 1494 sidera
744 1435 872 1505 adibam,

70 1517 182 1573 ‘Fama
202 1514 287 1590 prior.
330 1515 386 1575 Cui
407 1533 455 1574 me
474 1515 681 1574 moribundam
702 1515 817 1588 deseris,
841 1517 972 1592 hospes?

72 1597 164 1652 ‘Hoc
184 1596 280 1652 solum
300 1612 411 1653 nomen
432 1594 571 1668 quoniam
591 1595 630 1653 de
651 1594 776 1670 coniuge
796 1605 892 1654 restat.

72 1673 173 1747 ‘Quid
191 1675 311 1732 moror?
330 1692 369 1731 an
388 1691 455 1731 mea
474 1673 644 1749 Pygmalion
663 1674 734 1732 dum
753 1673 871 1734 moenia
888 1675 974 1732 irater
1005 1691 1041 1746 3²
1046 1690 1061 1749 5

72 1755 239 1822 ‘Destruat,
261 1761 311 1810 aut
331 1762 449 1827 captam
470 1753 559 1811 ducat
580 1753 722 1811 Gaetulus
743 1754 867 1812 Iarbas?

73 1833 201 1890 ‘Saltem
222 1831 246 1889 si
267 1849 326 1906 qua
345 1829 418 1889 mihi
438 1831 476 1891 de
496 1842 526 1890 te
547 1842 683 1906 suscepta
702 1832 803 1891 fuisset

74 1915 171 1970 ‘Ante
191 1911 289 1985 fugam
310 1910 436 1979 suboles,
459 1908 482 1968 si
503 1909 568 1986 quis
589 1910 660 1970 mibi
680 1912 816 1986 parvulus
837 1911 905 1970 aula

74 1992 220 2049 ‘Luderet
240 1991 365 2059 Aeneas
387 1989 439 2064 qui
459 1999 489 2048 te
509 1999 608 2048 tamen
628 2009 679 2049 ore
699 1991 824 2058 referret,

75 2072 162 2129 ‘Non
184 2067 321 2145 equidem
342 2067 465 2127 omnino
486 2079 573 2144 capta
591 2088 626 2127 ac
646 2069 762 2128 deserta
781 2067 912 2126 viderer!
1007 2078 1065 2135 330

116 2148 248 2208 Dixerat
291 2149 346 2207 Ille
368 2147 447 2206 Iovis
469 2147 588 2206 monitis
608 2147 732 2206 immota
751 2148 870 2206 tenebat

74 2228 214 2299 Lumina,
236 2236 266 2286 et
286 2226 413 2286 obnixus
433 2245 531 2286 euram
552 2228 716 2286 subcorde
736 2226 894 2302 premebat.

73 2307 215 2366 Tandem
235 2325 331 2381 panca
350 2307 453 2366 refert:
482 2308 564 2382 ‘Ego
584 2315 623 2376 te,
645 2324 722 2381 quae
742 2304 866 2380 plurima
886 2305 975 2366 fando

75 2389 275 2445 ‘Enumerare
294 2386 382 2456 vales,
403 2404 575 2460 numquam,
598 2385 720 2460 Regina,
741 2386 856 2460 negabo

76 2463 285 2526 ‘Promeritam
296 2485 305 2539 3
331 2483 388 2524 nec
408 2483 457 2524 me
477 2464 645 2523 meminisse
665 2465 776 2540 pigebit
796 2463 917 2537 Elissae,
1006 2480 1061 2538 335

77 2547 176 2604 ‘Dum
197 2563 310 2603 memor
329 2543 392 2620 ipse
412 2543 479 2618 mei,
501 2545 572 2602 dum
593 2543 710 2619 spiritus
730 2546 785 2602 hos
804 2542 878 2618 regit
897 2552 983 2601 artus.

75 2627 151 2682 ‘Pro
170 2641 201 2682 re
221 2642 315 2699 pauca
335 2625 446 2699 loquar.
490 2624 595 2699 Neque
616 2641 671 2698 ego
691 2624 768 2682 hanc
787 2623 968 2681 abscondere
989 2621 1064 2680 furto

76 2701 221 2778 ‘Speravi
243 2722 281 2762 ne
301 2704 386 2778 finge,
407 2703 524 2778 fugam;
551 2721 607 2760 nec
627 2701 759 2776 coniugis
779 2718 918 2777 umquam

77 2781 253 2840 ‘Praetendi
272 2783 382 2853 taedas,
404 2792 455 2840 aut
475 2782 549 2841 haec
568 2780 600 2840 in
619 2782 739 2840 foedera
758 2779 833 2838 veni.

77 2863 149 2920 ‘Me
170 2859 195 2919 si
216 2861 275 2918 lata
296 2859 369 2920 meis
390 2870 558 2936 paterentur
577 2860 684 2919 ducere
704 2857 796 2916 vitam
1008 2875 1065 2931 340

77 2938 250 3015 ‘Auspiciis
272 2951 301 2998 et
322 2951 427 3014 sponte
448 2958 515 2997 mea
534 2955 713 3014 componere
733 2955 826 3009 curas,

77 3021 208 3079 ‘Urbem
229 3017 389 3077 Troianam
408 3017 535 3094 primum
555 3018 715 3092 dulcesque
735 3034 868 3075 meorum

79 3096 248 3172 ‘Reliquias
268 3097 396 3156 colerem
406 3118 415 3170 ;
442 3096 550 3156 Priami
570 3107 649 3156 tecta
668 3097 727 3154 alta
746 3104 908 3170 manerent,

80 3181 133 3236 ‘Et
153 3175 281 3234 recidiva
301 3195 391 3234 manu
411 3175 576 3251 posuissem
597 3177 738 3250 Pergama
757 3173 849 3234 victis.

80 3255 153 3316 ‘Sed
173 3273 254 3313 nunc
274 3253 388 3313 Italiam
410 3271 546 3330 magnam
568 3255 701 3330 Gryneus
721 3255 838 3329 Apollo,
1008 3267 1065 3327 345

81 3333 212 3396 ‘Italiam
233 3333 341 3411 Lyciae
360 3331 470 3393 iussere
490 3350 641 3408 capessere
661 3341 761 3392 sortes.

877 3473 972 3530 15—2
