2460 3686
120 69 174 126 172
366 51 402 110 P.
440 50 633 111 aarum
652 49 865 111 MAxorqu

119 179 188 238 Fert
207 195 319 251 umero,
341 177 538 256 gradiensque
557 179 629 240 deas
650 176 850 257 supereminet
870 197 989 254 omnes3

118 259 252 319 Latonae
272 258 394 318 tacitum
414 269 616 336 pertemptant
635 260 742 338 gaudia
762 270 880 337 pectust

117 338 200 398 Talis
221 349 282 400 erat
304 338 395 410 Dido,
417 341 506 399 talem
528 359 559 400 se
580 341 659 400 laeta
679 341 792 401 ferebat

119 420 175 480 Per
195 419 320 491 medios,
341 417 453 478 instans
474 419 557 497 operi
578 419 734 497 regnisque
753 419 865 481 futuris.

118 501 197 559 Turn
217 499 328 559 foribus
348 498 442 572 divae,
465 499 565 560 media
585 501 734 560 testudine
754 500 867 577 templi,
1053 519 1117 579 505

118 580 227 656 Saepta
246 577 343 650 armis,
364 579 499 655 solioque
520 581 578 640 alte
599 580 724 640 subnixa
743 581 863 640 resedit.

118 661 188 719 Iura
208 661 301 720 dabat
320 661 459 736 legesque
479 658 555 733 viris,
577 679 760 737 operumque
780 662 913 721 laborem

119 739 253 799 Partibus
274 740 421 815 aequabat
441 739 524 799 iustis
544 751 595 799 aut
616 751 694 800 sorte
714 741 848 800 trahebat
854 763 863 814 3

119 821 197 880 Cum
218 818 316 880 subito
337 823 454 879 Aeneas
474 839 620 880 concursu
640 821 782 881 accedere
803 839 911 896 magno

118 901 237 959 Anthea
255 901 483 977 Sergestumque
503 901 584 960 videt
603 901 769 976 sortemque
791 902 981 975 Cloanthum,
1056 917 1119 977 510

118 981 362 1056 Teucrorumque
382 979 464 1053 alios,
486 991 549 1040 ater
569 999 644 1058 quos
664 999 792 1056 aequore
813 981 900 1040 turbo

119 1059 290 1136 Dispulerat
312 1060 488 1136 penitusque
507 1061 579 1120 alias
599 1071 736 1120 avexerat
756 1079 829 1121 oras

118 1140 281 1217 Obstupuit
301 1140 388 1201 simul
408 1140 480 1217 ipse,
503 1139 590 1200 simul
609 1159 764 1217 percussus
785 1140 913 1201 Achates

118 1220 302 1297 Laetitiaque
323 1232 476 1297 metuque:
497 1220 576 1279 avidi
596 1221 776 1297 coniungere
795 1220 912 1280 dextras

117 1302 282 1374 Ardebant,
304 1300 357 1361 sed
378 1321 424 1360 res
445 1299 561 1360 animos
581 1299 733 1377 incognita
753 1301 856 1360 turbat.
1057 1319 1116 1380 515

119 1380 314 1441 Dissimulant
333 1392 363 1442 et
384 1381 463 1440 nube
483 1399 556 1440 cava
576 1383 763 1457 speculantur
781 1380 891 1452 amicti,

118 1463 204 1537 Quae
223 1462 342 1522 fortuna
361 1460 438 1532 viris,
460 1462 585 1521 classem
607 1480 668 1536 quo
689 1461 775 1521 litore
795 1459 937 1537 linquant,

119 1541 200 1618 Quid
220 1541 355 1602 veniant:
376 1540 491 1601 cunctis
512 1559 582 1600 nam
602 1539 673 1600 lecti
693 1540 818 1601 navibus
839 1541 921 1601 ibant

118 1625 245 1684 Orantes
265 1621 392 1695 veniam,
415 1632 444 1682 et
465 1623 611 1698 templum
632 1623 763 1682 clamore
782 1621 933 1698 petebant.

158 1706 321 1779 Postquam
342 1700 509 1777 introgressi
531 1712 560 1761 et
581 1720 682 1761 coram
702 1703 774 1761 data
793 1701 882 1779 copia
901 1700 993 1774 fandi,
1057 1719 1117 1780 520

119 1781 269 1843 Maximus
291 1781 423 1841 Ilioneus
444 1782 563 1857 placido
584 1782 627 1841 sic
647 1792 769 1859 pectore
789 1781 901 1858 coepit:

119 1864 161 1924 ‘0
181 1861 289 1940 regina,
310 1880 419 1921 novam
440 1859 489 1920 cui
509 1863 639 1922 condere
660 1860 796 1939 Iuppiter
814 1863 918 1921 urbem

120 1942 312 2020 ‘Iustitiaque
333 1941 417 2003 dedit
435 1951 539 2017 gentes
560 1943 673 2002 frenare
694 1942 845 2018 superbas,

119 2025 226 2082 ‘Troes
247 2033 277 2083 te
297 2021 404 2094 miseri,
425 2021 521 2081 ventis
542 2021 634 2082 maria
654 2021 755 2081 omnia
773 2021 860 2094 vecti,

118 2104 272 2166 ‘Oramusz
292 2101 418 2180 prohibe
437 2100 575 2163 infandos
596 2101 759 2162 anavibus
779 2100 870 2178 ignes,
1054 2120 1094 2180 5²
1098 2120 1116 2180 5

118 2187 223 2244 ‘Parce
242 2183 294 2260 pio
314 2182 422 2260 generi,
446 2193 476 2242 et
497 2181 621 2259 propius
640 2201 687 2242 res
707 2180 807 2258 aspice
827 2191 951 2242 nostras.

121 2266 205 2324 ‘Non
224 2282 280 2323 nos
300 2273 351 2321 aut
371 2264 446 2323 ferro
468 2261 596 2339 Libycos
616 2263 761 2338 populare¹
779 2274 903 2338 penates

118 2342 276 2405 ‘Venimus
295 2352 346 2401 aut
366 2353 465 2418 raptas
485 2343 525 2402 ad
545 2342 630 2402 litora
650 2353 763 2403 vertere
783 2344 907 2420 praedas
913 2363 922 2418 ;

118 2426 203 2484 ‘Non
223 2441 260 2483 ea
278 2421 323 2481 vis
342 2421 444 2481 animo
464 2440 521 2482 nec
541 2433 624 2482 tanta
645 2421 782 2498 superbia
801 2421 893 2482 victis

117 2507 186 2564 ‘Est
205 2505 297 2574 locus,
321 2500 499 2577 Hesperiam
521 2501 601 2562 Graii
621 2501 800 2578 cognomine
820 2501 931 2574 dicunt,
1056 2521 1116 2581 530

117 2588 222 2644 ‘Terra
241 2581 370 2658 antiqua,
391 2591 498 2658 potens
518 2581 607 2641 armis
627 2593 716 2659 atque
736 2583 827 2643 ubere
846 2585 970 2660 glaebae
975 2603 986 2658 ;

117 2663 255 2726 ‘Oenotri
276 2664 393 2722 coluere
413 2660 481 2735 viri;
502 2681 583 2722 nunc
602 2663 681 2722 fama
701 2662 831 2723 minores

117 2746 249 2805 ‘Italiam
270 2742 379 2803 dixisse
400 2740 485 2802 ducis
505 2743 545 2804 de
566 2740 687 2802 nomine
707 2754 828 2820 gentem
835 2762 845 2816 3

116 2825 192 2885 ‘Hic
212 2842 313 2884 cursus
333 2823 395 2893 fuit,

116 2907 209 2967 ‘Cum
230 2903 329 2964 subito
350 2903 511 2979 adsurgens
531 2901 622 2961 fluctu
642 2899 798 2962 nimbosus
820 2900 916 2965 Orion
1053 2921 1092 2982 53
1097 2923 1112 2982 5

117 2989 169 3044 ‘In
188 2985 266 3044 vada
286 3001 376 3041 caeca
396 2984 472 3055 tulit,
493 2981 670 3059 penitusque
690 2981 865 3058 procacibus
885 2980 1001 3042 Austris

117 3068 246 3138 ‘Perque
266 3062 361 3119 undas
382 3072 539 3134 superante
560 3064 623 3119 salo
643 3080 755 3136 perque
776 3061 854 3120 invia
874 3081 945 3122 saxa

118 3138 276 3215 ‘Dispulit:
296 3138 355 3195 huc
375 3137 462 3212 pauci
482 3138 585 3196 vestris
606 3140 782 3199 adnavimus
803 3140 868 3199 oris.

117 3219 224 3292 ‘Quod
250 3232 345 3290 genus
371 3215 429 3272 hoc
456 3214 628 3275 hominum?
655 3236 769 3293 quaeve
796 3221 876 3277 hunc
904 3230 965 3279 tam
989 3221 1112 3284 barbara

195 3311 310 3353 morem
