2468 3692
123 45 181 116 408
376 47 413 106 P.
447 48 638 110 VERGILI
658 50 872 110 MARONIS

124 176 335 256 ‘Troiugenas
356 197 416 256 qua
436 176 530 254 prima
550 176 627 237 viam
649 176 772 238 victoria
792 178 909 255 pandit3

124 261 220 320 ‘Sunt
240 258 297 330 alii,
319 257 371 336 qui
391 269 470 319 tecta
490 277 580 318 manu
601 258 762 318 defendere
782 259 904 336 possint

124 339 256 416 ‘Ingruit
275 342 394 399 Aeneas
416 337 498 398 Italis
519 348 549 398 et
568 338 681 415 proelia
701 339 825 411 miscet;

124 421 183 478 ‘Et
204 438 259 479 nos
279 437 367 480 saeva
387 437 476 478 manu
497 419 647 478 mittamus
668 420 771 478 funera
790 419 922 479 Teucris.

124 499 210 559 ‘Nec
230 518 353 559 numero
374 497 499 571 inferior,
521 517 640 576 pugnae
660 518 717 559 uec
737 500 850 560 honore
871 501 1012 561 recedes!
1061 505 1121 579 630

122 581 241 639 Turnus
260 579 299 638 ad
320 579 409 639 haec:

124 660 172 720 ‘O
193 677 283 732 soror,
305 669 335 719 et
356 660 469 718 dudum
489 657 626 736 adgnovi,
648 677 717 717 cum
737 659 832 735 prima
852 678 905 735 per
924 671 1019 720 artem

124 740 278 800 ‘Foedera
299 738 422 798 turbasti
443 750 532 816 teque
552 740 627 798 haec
646 736 677 797 in
698 739 777 798 bella
798 740 915 812 dedisti,

124 821 182 879 ‘Et
201 838 281 877 nunc
301 817 480 895 nequiquam
500 818 577 878 fallis
598 818 662 878 dea
705 819 762 879 Sed
784 818 850 895 quis
871 821 1004 897 Olympo

124 897 311 958 ‘Demissam
332 909 430 959 tantos
451 898 543 958 voluit
563 909 593 958 te
612 899 686 958 ferre
707 900 845 959 labores?
1060 906 1117 979 ⁶35

124 982 192 1038 ‘An
212 977 305 1038 fratris
326 978 424 1038 miseri
445 980 536 1038 letum
557 989 590 1038 ut
611 979 729 1039 crudele
750 978 887 1040 videres?
1215 1012 1216 1082 q

124 1061 222 1118 ‘Nam
242 1058 314 1136 quid
334 1062 410 1136 ago?
429 1069 481 1118 aut
500 1077 577 1136 quae
597 1057 656 1117 iam
677 1059 805 1135 spondet
826 1061 956 1120 Fortuna
970 1063 1120 1122 salutem?

123 1138 212 1197 ‘Vidi
233 1140 337 1199 oculos
357 1150 426 1198 ante
446 1138 510 1215 ipse
531 1157 614 1197 meos
635 1157 683 1198 me
705 1158 779 1199 voce
799 1151 956 1200 vocantem

123 1221 325 1291 ‘Murranum
347 1237 406 1295 quo
427 1237 488 1278 non
509 1228 628 1294 superat
648 1217 719 1276 mihi
740 1218 835 1279 carior
853 1222 934 1292 alter,

123 1301 290 1376 ‘Oppetere
310 1299 460 1374 ingentem
479 1309 570 1374 atque
590 1297 701 1376 ingenti
721 1300 841 1358 volnere
861 1300 979 1360 victum.
1056 1304 1116 1375 640

122 1378 262 1440 ‘Occidit
282 1378 389 1450 infelix,
410 1398 449 1438 ne
470 1389 603 1438 nostrum
623 1379 753 1438 dedecus
775 1381 871 1440 Ufens

123 1458 309 1535 ‘Aspicereq
328 1459 437 1519 Teucri
458 1460 610 1534 potiuntur
629 1477 752 1535 corpore
773 1470 803 1518 et
823 1459 918 1520 armis

123 1537 320 1598 ‘Exscindine
340 1538 529 1612 domos—id
548 1539 637 1598 rebus
657 1538 750 1598 defuit
770 1558 915 1612 unum,-

123 1618 315 1695 ‘Perpetiarl
335 1618 436 1678 dextra
456 1637 513 1678 nec
534 1617 660 1678 Drancis
681 1619 761 1678 dicta
781 1620 935 1680 refellam?

123 1701 237 1775 ‘Terga
251 1699 338 1771 dabo,
354 1709 384 1758 et
397 1700 532 1757 Turnum
545 1697 706 1775 fugientem
719 1699 794 1758 haec
807 1710 883 1759 terra
896 1699 1029 1761 videbit?
1056 1703 1112 1778 645

122 1779 246 1856 ‘Usque
266 1780 382 1839 adeone
403 1778 477 1838 mori
498 1777 636 1837 miserum
657 1782 719 1838 est?
740 1781 803 1838 Vos
824 1798 843 1839 o
863 1779 936 1840 milri
957 1784 1067 1841 Manes

123 1860 213 1918 ‘Este
233 1859 313 1931 boni,
335 1858 476 1936 quoniam
496 1857 614 1933 Superis
634 1877 736 1917 aversa
756 1860 899 1919 voluntas

122 1939 249 1998 ‘Sancta
268 1939 306 1998 ad
327 1957 380 1998 vos
401 1937 508 2009 anima,
529 1949 619 2014 atque
638 1937 721 1998 istius
742 1938 834 1998 inscia
853 1941 961 2016 culpae

122 2020 340 2091 ‘Descendam
356 2037 528 2095 magnorum
549 2018 631 2079 haud
651 2037 792 2094 umquam
812 2019 951 2096 indignus
971 2021 1114 2082 avorum'

161 2099 218 2157 Vix
239 2119 274 2159 ea
293 2101 369 2159 fatus
390 2109 464 2158 erat:
485 2098 599 2158 medios
619 2099 708 2172 volat,
730 2117 809 2172 ecce,
830 2119 883 2176 per
902 2101 1005 2161 hostes
1054 2105 1114 2179 650

120 2181 231 2238 Vectus
251 2199 331 2256 equo
350 2188 506 2255 spumante
526 2179 623 2250 Saces,
645 2179 769 2238 adversa
788 2179 893 2255 sagitta

120 2259 241 2320 Saucius
261 2279 321 2333 ora,
342 2259 458 2336 ruitque
478 2258 628 2335 inplorans
647 2254 769 2319 bomine
788 2261 937 2319 Turnum:

121 2342 248 2411 ‘Tume,
270 2340 301 2398 in
322 2350 351 2400 te
371 2357 509 2415 suprema
529 2341 621 2418 salus3
641 2338 777 2399 miserere
798 2349 925 2398 tuorum.

101 2457 104 2461 -
122 2419 289 2479 ‘Fulminat
308 2422 425 2479 Aeneas
445 2418 542 2490 annis,
563 2437 751 2495 summasque
772 2418 899 2478 minatur

120 2499 330 2560 ‘Deiecturum
350 2519 432 2558 arces
453 2500 561 2558 Italum
582 2498 771 2575 exscidioque
791 2500 940 2572 daturum3
1052 2504 1109 2580 655

121 2582 264 2657 ‘Iamque
284 2581 363 2639 faces
383 2580 422 2638 ad
442 2590 521 2639 tecta
540 2579 648 2639 volam
691 2581 728 2637 In
750 2590 779 2638 te
800 2599 851 2639 ora
872 2577 978 2653 Latini,

120 2664 178 2720 ‘In
198 2670 228 2719 te
249 2661 351 2720 oculos
372 2660 512 2733 referunt3
533 2668 644 2718 mussat
663 2677 713 2718 rex
733 2659 796 2735 ipse
818 2659 948 2733 Latinus,

120 2743 224 2816 ‘Quos
242 2759 367 2817 generos
387 2750 482 2810 vocet,
504 2749 554 2797 aut
575 2757 651 2814 quae
672 2757 736 2798 sese
756 2740 795 2798 ad
815 2740 935 2800 foedera
953 2740 1063 2802 flectat.

120 2821 295 2879 ‘Praeterea
315 2819 422 2896 regina,
445 2818 488 2878 tui
508 2818 657 2894 fidissima,
680 2819 782 2878 dextra

120 2899 258 2960 ‘Occidit
278 2899 341 2975 ipsa
362 2919 423 2970 sua
445 2900 601 2975 lucemque
623 2898 759 2958 exterrita
778 2897 859 2976 fugit
1051 2905 1110 2961 660

120 2979 199 3038 ‘Soli
219 2998 272 3052 pro
293 2980 384 3054 portis
406 2980 561 3054 Messapus
575 2988 612 3037 et
631 2998 699 3037 acer
718 2979 823 3038 Atinas

119 3058 308 3113 ‘Sustentant
328 3057 431 3115 aciem.
475 3058 595 3116 Circum
615 3058 671 3117 hos
692 3058 838 3133 utrimque
859 3059 1021 3138 phalanges

119 3132 222 3188 ‘Stant
242 3130 360 3200 densae,
382 3134 547 3208 strictisque
567 3154 651 3212 seges
671 3139 862 3200 mucronibus
882 3140 980 3200 horret

119 3208 257 3292 ‘Ferreae
278 3215 307 3262 tu
330 3225 445 3266 currum
466 3212 584 3271 deserto
603 3213 634 3272 in
653 3215 785 3290 gramine
804 3221 920 3280 versas!

118 3282 268 3354 Obstrpurt
287 3283 366 3339 varia
386 3289 525 3346 confusus
545 3290 674 3367 imagine
693 3313 790 3354 rerum
1048 3303 1106 3380 665
