2442 3686
368 103 609 162 AENEIDOS
632 103 718 160 LIB.
748 101 782 158 X

92 225 231 286 Protinus
250 225 333 284 hasta
353 228 432 303 sugit,
455 238 605 302 servatque
625 237 745 286 cruenta
764 237 895 286 tenorem
903 245 913 297 ;

92 307 281 379 Dexteraque
302 325 338 363 ex
357 307 478 365 humero
499 308 592 365 nervis
612 306 787 364 moribunda
806 303 953 380 pependit.

90 385 174 440 Tum
196 383 339 456 Numitor,
360 383 455 443 iaculo
474 385 566 443 fratris
587 385 624 443 de
644 403 765 458 corpore
784 396 876 458 rapto,

90 464 218 519 Aenean
238 461 336 536 petiit:
359 463 411 520 sed
432 481 492 521 non
512 473 542 521 et
561 464 649 538 figere
668 474 770 521 contra

92 542 150 598 Est
170 539 288 611 licitum,
309 539 465 616 magnique
485 543 577 600 femur
596 541 760 616 perstrinxit
779 541 918 599 Achatae.

92 617 159 676 Hic
180 617 311 690 Curibus,
333 620 426 676 fidens
445 620 592 694 primaevo
612 638 742 694 corpore,
764 620 887 678 Clausus

91 696 233 766 Advenit,
255 706 284 754 et
303 695 395 772 rigida
416 699 565 773 Dryopem
585 697 649 756 ferit
670 697 782 756 eminus
802 698 885 755 hasta

93 775 157 833 Sub
178 785 316 845 mentum,
337 775 460 850 graviter
478 795 583 850 pressa,
606 775 768 851 pariterque
788 774 933 850 loquentis

91 853 211 910 Vocem
230 853 414 929 animamque
433 854 515 928 rapit,
538 854 657 913 traiecto
677 865 791 930 gutture
800 874 810 927 3
833 863 863 912 at
883 853 931 912 ille

94 931 206 988 Fronte
225 930 289 988 serit
309 941 421 1002 terram,
443 943 472 990 et
492 951 619 990 crassum
639 934 729 990 vomit
749 950 799 990 ore
819 950 957 990 cruorem.

92 1010 171 1067 Tres
192 1027 308 1084 quoque
328 1010 478 1068 Threicios
499 1013 609 1069 Boreae
629 1011 667 1069 de
687 1021 773 1085 gente
793 1029 935 1085 suprema,
1016 1026 1075 1083 350

96 1089 138 1144 Et
159 1097 225 1156 tres,
246 1105 320 1162 quos
341 1089 411 1146 Idas
430 1099 512 1163 pater
532 1100 561 1148 et
580 1089 672 1164 patria
694 1091 803 1146 ismara
822 1087 917 1159 mittit,

94 1167 154 1223 Per
174 1164 266 1223 varios
286 1165 387 1224 sternit
406 1185 497 1226 casus.
538 1167 671 1225 Accurrit
692 1169 846 1238 Halaesus,

93 1246 311 1319 Auruncaeque
331 1263 434 1303 manus
443 1265 452 1318 3
477 1245 555 1304 subit
575 1256 604 1304 et
624 1245 772 1320 Neptunia
791 1245 896 1318 proles,

97 1321 226 1396 Insignis
247 1325 401 1398 Messapus
421 1325 509 1400 equis.
552 1325 704 1398 Expellere
724 1324 848 1381 tendunt

95 1402 186 1458 Nunc
206 1399 244 1471 hi,
266 1420 346 1459 nunc
365 1402 405 1460 illi
414 1423 424 1474 ;
446 1413 570 1461 certatur
588 1401 687 1460 limine
707 1400 738 1459 in
758 1400 823 1476 ipso

93 1479 253 1538 Ausoniae.
295 1482 407 1555 Magno
427 1480 575 1540 discordes
594 1481 710 1538 aethere
729 1479 808 1538 venti

96 1557 213 1615 Proelia
233 1577 286 1616 ceu
306 1560 419 1631 tollunt,
441 1558 543 1618 animis
564 1569 594 1618 et
612 1557 719 1617 viribus
739 1556 848 1634 aequis,

96 1637 169 1694 Non
189 1635 244 1711 ipsi
264 1636 339 1696 inter
358 1656 397 1707 se,
419 1657 479 1696 non
500 1637 607 1708 nubila,
628 1656 688 1695 non
708 1655 787 1695 mare
807 1636 903 1710 cedit;

95 1716 217 1788 Anceps
237 1733 334 1790 pugna
353 1715 421 1789 diu3
444 1726 522 1774 stant
541 1717 648 1774 obnixa
668 1714 767 1773 omnia
786 1726 903 1774 contra:

96 1793 189 1851 Haud
209 1793 291 1852 aliter
311 1793 454 1852 Troianae
473 1793 551 1852 acies
570 1794 705 1867 aciesque
727 1793 847 1852 Latinae

97 1873 289 1943 Concurrunt,
311 1872 409 1931 haeret
428 1873 505 1948 pede
527 1890 588 1947 pes,
610 1873 777 1946 densusque
796 1871 858 1930 viro
877 1869 926 1928 vir.

137 1951 179 2006 At
198 1961 278 2024 parte
299 1950 419 2023 exalia,
441 1969 499 2027 qua
520 1969 588 2009 saxa
607 1948 731 2008 rotantia
751 1950 808 2008 late

96 2028 248 2102 Inpulerat
267 2039 378 2088 torrens
398 2031 571 2104 arbustaque
593 2030 686 2088 diruta
705 2027 782 2103 ripis,

95 2108 237 2178 Arcadas,
257 2105 386 2166 insuetos
405 2108 483 2166 acies
504 2107 606 2166 inferre
627 2107 783 2182 pedestres,

96 2185 142 2242 Ut
161 2183 234 2244 vidit
254 2186 349 2244 Pallas
370 2186 454 2245 Latio
475 2187 543 2244 dare
564 2197 644 2261 terga
664 2185 789 2259 sequaci,

97 2261 223 2338 (Aspera
243 2264 308 2338 quis
328 2274 431 2322 natura
450 2265 507 2323 loci
528 2263 672 2323 dimittere
686 2263 805 2340 quando

96 2341 192 2400 Suasit
213 2341 326 2418 equos,)
347 2362 436 2400 unum
458 2344 537 2416 quod
558 2345 643 2402 rebus
663 2352 752 2400 restat
773 2340 879 2416 egenis,

97 2421 187 2477 Nunc
206 2438 300 2494 prece,
321 2439 399 2478 nunc
419 2421 503 2479 dictis
523 2421 656 2480 virtutem
675 2421 810 2480 accendit
829 2419 949 2478 amaris:

97 2497 185 2570 ‘Quo
205 2497 309 2572 fugitis,
331 2499 424 2558 socii?
465 2501 521 2558 Per
539 2518 591 2559 vos
612 2511 641 2558 et
660 2499 745 2558 sortia
764 2501 848 2572 facta,
1045 2548 1056 2560 .

97 2577 172 2634 ‘Per
192 2576 275 2634 ducis
296 2577 425 2636 Euandri
445 2594 561 2649 nomen,
583 2577 756 2652 devictaque
775 2580 859 2648 bella,
1019 2593 1076 2650 370

97 2655 262 2729 ‘Spemque
282 2674 385 2726 meam,
406 2656 516 2730 patriae
536 2675 611 2732 quae
630 2675 710 2713 nunc
730 2654 807 2714 subit
826 2655 940 2713 aemula
959 2654 1046 2727 laudi,

96 2732 212 2790 ‘Fidite
232 2751 270 2791 ne
289 2734 421 2808 pedibus.
464 2736 552 2792 Ferro
571 2734 732 2810 rumpenda
751 2752 802 2808 per
821 2733 920 2791 hostes

97 2813 168 2868 ‘Est
188 2811 242 2869 via
284 2813 351 2885 Qua
370 2814 475 2886 globus
496 2813 544 2870 ille
563 2813 654 2869 virum
675 2810 862 2870 densissimus
879 2820 989 2885 urguet,

96 2891 184 2946 ‘Hac
203 2907 255 2948 vos
275 2900 305 2947 et
326 2892 458 2947 Pallanta
478 2891 582 2948 ducem
603 2889 695 2964 patria
714 2891 772 2947 alta
791 2889 924 2963 reposcit

96 2967 244 3024 ‘Numina
263 2969 343 3025 nulla
363 2979 514 3042 premunt3
537 2967 651 3026 mortali
670 2985 823 3042 urguemur
842 2968 881 3024 ab
901 2968 984 3026 hoste
1018 2986 1053 3042 37
1058 2984 1074 3046 5

97 3046 255 3103 ‘Mortales
265 3065 274 3116 ς
297 3045 420 3104 totidem
441 3046 526 3104 nobis
545 3045 717 3121 animaeque
737 3063 906 3120 manusque.

96 3125 202 3192 ‘Ecce,
222 3123 309 3180 maris
330 3141 436 3197 magna
455 3124 564 3182 claudit
584 3143 639 3182 nos
664 3124 750 3182 obice
774 3135 899 3198 pontus;

97 3201 206 3259 ‘Deest
225 3200 284 3258 iam
304 3211 379 3259 terra
399 3202 490 3276 fugae.
534 3203 656 3276 Pelagus
676 3201 832 3261 Troiamne
852 3204 1022 3278 petemus'r'

98 3280 183 3338 Haec
202 3277 251 3349 ait,
273 3289 302 3338 et
322 3278 436 3338 medius
456 3281 563 3338 densos
583 3280 744 3356 prorumpit
763 3282 794 3340 in
813 3282 920 3340 hostes.

163 3415 187 3458 s.
203 3414 229 3454 v.
247 3414 268 3457 1.
957 3419 992 3475 ²3
