2494 3702
351 777 384 840 P.
414 774 615 840 VERGlLl
641 769 870 837 MARONIS

240 1049 242 1056 ,
328 939 889 1036 GEORGICON

433 1145 791 1211 iruanrruuus

108 1400 201 1472 Quin
222 1398 310 1458 iaciat
330 1399 422 1459 laetas
444 1409 566 1475 segetes,
589 1417 650 1474 quo
671 1397 767 1457 sidere
788 1408 894 1456 terram

107 1483 243 1551 Vertere,
268 1481 437 1549 Maecenas,
458 1479 606 1556 ulmisque
627 1479 785 1554 adiungere
806 1478 879 1538 vites

110 1559 288 1632 Conveniat,
310 1579 387 1636 quae
408 1579 477 1618 cura
496 1561 597 1631 boum,
620 1561 671 1635 qui
692 1561 787 1618 cultus
808 1557 949 1617 habendo

110 1639 155 1699 Sit
177 1641 284 1715 pecori,
306 1641 412 1716 apibus
433 1651 544 1715 quanta
564 1638 743 1715 experientia
762 1639 866 1714 parcis,

112 1719 199 1779 Hinc
219 1739 325 1779 canere
345 1720 494 1796 incipiam.
536 1721 609 1790 Vos,
632 1739 650 1778 0
671 1719 831 1778 clarissima
851 1718 955 1776 mundi
1089 1733 1105 1792 5

112 1799 251 1871 Lumina,
273 1803 424 1860 labentem
446 1802 529 1859 caelo
550 1819 627 1875 quae
648 1799 755 1858 ducitis
776 1817 887 1857 annum
898 1818 907 1870 ς

112 1879 204 1939 Liber
224 1891 254 1938 et
274 1882 353 1939 alma
375 1882 473 1952 CereS,
495 1893 594 1939 vestro
614 1881 639 1939 si
659 1898 780 1939 munere
801 1881 888 1938 tellus

113 1959 282 2020 Chaoniam
303 1959 405 2038 pingui
424 1961 564 2036 glandem
585 1961 710 2019 mutavit
730 1961 826 2031 arista,

113 2041 287 2116 Poculaque
307 2040 434 2100 inventis
454 2040 599 2100 Acheloia
620 2041 737 2099 miscuit
756 2040 821 2098 uiis
831 2061 839 2112 ;

114 2123 155 2180 Et
176 2139 238 2194 vos,
259 2132 407 2198 agrestum
427 2121 594 2196 praesentia
614 2120 743 2190 numina,
767 2116 872 2192 Fauni,
1073 2137 1108 2176 ro

114 2202 203 2261 Ferte
223 2200 310 2260 simul
331 2201 485 2275 Faunique
506 2202 615 2278 pedem
637 2202 831 2277 Dryadesque
851 2199 987 2276 puellae:

115 2283 243 2340 Munera
263 2293 359 2341 vestra
378 2299 461 2341 cano,
506 2283 613 2358 Tuque
634 2302 661 2352 o,
683 2281 732 2339 cui
751 2282 846 2356 prima
866 2281 1040 2338 frementem

115 2362 206 2421 Fudit
227 2381 336 2438 equom
357 2381 466 2438 magno
487 2364 573 2422 tellus
594 2381 733 2438 percussa
754 2361 881 2430 tridenti,

116 2445 275 2518 Neptune,
303 2453 332 2502 et
353 2443 448 2502 cultor
468 2461 630 2514 nemorum,
653 2441 701 2501 cui
721 2440 844 2518 pinguia
865 2441 945 2500 Ceae

115 2525 316 2582 Tercentum
337 2522 415 2582 nivei
436 2523 562 2582 tondent
583 2523 705 2582 dumeta
724 2522 841 2581 iuvenci
852 2542 861 2594 ;
1073 2536 1106 2596 15

117 2603 188 2678 Ipse
209 2622 313 2662 nemus
333 2602 471 2680 linquens
492 2605 618 2679 patrium
639 2604 791 2678 saltusque
814 2600 923 2678 Lycaei

117 2685 189 2753 Pan,
212 2682 311 2742 ovium
332 2694 440 2756 custoS,
461 2694 511 2742 tua
531 2683 555 2742 si
577 2683 630 2742 tibi
653 2684 793 2742 Maenala
812 2700 908 2754 curae,

115 2761 214 2836 Adsis,
237 2783 255 2822 o
277 2766 421 2839 Tegeaee,
443 2765 552 2836 favens,
575 2765 718 2840 oleaeque
740 2764 876 2821 Minerva

117 2843 278 2915 Inventrix,
300 2842 428 2920 uncique
448 2863 521 2920 puer
540 2855 718 2904 monstrator
738 2844 832 2914 aratri,

116 2925 157 2982 Et
177 2934 309 2983 teneram
329 2926 367 2983 ab
388 2924 487 2984 radice
507 2926 612 2995 ferens,
634 2924 760 2996 Silvane,
782 2941 953 2998 cupressum
964 2941 973 2996 3
1072 2937 1109 2977 20

117 3004 218 3080 Dique
239 3005 372 3080 deaeque
393 3023 505 3076 omnes,
528 3004 658 3064 studium
679 3002 787 3078 quibus
808 3023 877 3062 arva
897 3001 980 3075 tueri,

117 3084 238 3158 Quique
258 3104 351 3144 novas
371 3084 448 3143 alitis
469 3105 530 3144 non
551 3086 612 3143 ullo
633 3083 745 3142 semine
766 3085 872 3160 fruges,

117 3164 238 3240 Quique
259 3164 329 3224 satis
349 3167 462 3241 largum
483 3167 566 3224 caelo
588 3163 742 3225 demittitis
763 3164 888 3224 imbrem
899 3183 907 3236 ;

117 3247 225 3319 Tuque
245 3246 330 3316 adeo,
353 3264 440 3320 quem
463 3265 533 3305 mox
554 3263 630 3320 quae
651 3243 710 3303 sint
730 3244 865 3304 habitura
885 3245 1010 3303 deorum

107 3325 254 3390 ,Concilia
273 3325 418 3384 incertum
440 3335 492 3397 est,
514 3327 640 3382 urbesne
661 3323 796 3394 invisere,
819 3325 936 3392 Caesar,
1074 3336 1109 3393 25
