2494 3702
432 64 701 124 Gaoxorcorv
717 65 801 123 Lm.
825 67 869 124 rr
1081 91 1135 146 119

147 191 234 252 Hinc
257 191 325 265 albi,
351 191 511 265 Clitumne,
530 211 632 270 greges
656 203 687 253 et
708 195 834 253 maxima
859 205 959 256 taurus

145 271 286 346 Victima,
309 292 399 350 saepe
423 283 475 332 tuo
496 274 605 348 perfusi
625 272 746 334 flumine
767 294 859 349 sacro,

147 354 303 413 Romanos
326 355 366 413 ad
391 355 502 430 templa
525 355 615 413 deum
638 355 749 414 duxere
774 355 945 432 triumphos

73 435 76 438 ’
148 432 213 492 Hic
235 453 287 493 ver
310 434 469 493 adsiduum
493 445 582 510 atque
606 433 709 494 alienis
731 435 882 496 mensibus
904 447 1018 497 aestas:

147 512 200 572 Bis
224 513 363 590 gravidae
386 515 527 590 pecudes,
552 514 598 574 bis
621 513 719 592 pomis
743 515 822 574 utilis
846 518 941 577 arbos.
1081 535 1137 595 150

146 595 190 652 At
212 594 335 653 rabidae
358 594 446 670 tigres
469 596 578 654 absunt
600 607 630 654 et
652 614 741 654 saeva
764 597 885 655 leonum

147 673 279 747 Semina,
302 694 359 733 nec
382 674 504 734 miseros
527 676 634 734 lallunt
657 677 774 734 aconita
796 677 936 752 legentes,

147 755 215 813 Nec
237 755 313 831 rapit
337 755 498 814 immensos
520 757 607 815 orbes
629 774 683 832 per
704 757 836 830 humum,
863 776 961 832 neque
986 767 1070 817 tanto

142 836 313 910 Squameus
334 835 366 893 in
388 835 496 911 spiram
519 845 614 894 tractu
638 853 670 895 se
693 835 804 912 colligit
825 837 938 913 anguis.

147 916 237 974 Adde
259 925 305 975 tot
325 915 455 991 egregias
476 917 564 974 urbes
589 934 772 992 operumque
794 918 935 991 laborem,
1081 935 1134 996 155

147 997 209 1056 Tot
230 1006 371 1072 congesta
394 1014 484 1055 manu
505 995 668 1072 praeruptis
690 997 801 1072 oppida
819 995 896 1056 saxis

147 1076 345 1152 Fluminaque
369 1076 507 1151 antiquos
532 1079 633 1136 subter
657 1076 787 1135 labentia
808 1096 916 1136 muros

124 1159 196 1215 ·An
218 1176 298 1216 mare
319 1159 402 1232 quod
424 1175 512 1232 supra
533 1155 703 1230 memorem,
729 1157 870 1232 quodque
892 1157 985 1217 adluit
1003 1157 1099 1236 infra?

38 1271 46 1283 ·
145 1239 236 1296 Anne
259 1239 339 1296 lacus
363 1239 484 1296 tantos?
524 1238 578 1308 Te,
606 1235 673 1294 Lari
697 1237 833 1307 maxime,
860 1249 957 1314 teque,

145 1317 301 1377 Fluctibus
325 1328 355 1377 et
378 1317 494 1376 fremitu
517 1317 677 1392 adsurgens
702 1319 819 1376 Benace
843 1318 978 1378 marino?
1078 1322 1133 1378 160

144 1401 196 1457 An
220 1417 383 1458 memorem
405 1409 506 1473 portus
529 1397 716 1472 Lucrinoque
739 1398 841 1456 addita
864 1399 991 1457 claustra

145 1480 245 1554 Atque
267 1477 451 1555 indignatum
477 1477 591 1553 magnis
615 1477 787 1536 stridoribus
809 1497 927 1554 aequor,

145 1559 225 1617 Iulia
246 1577 305 1634 qua
328 1569 423 1634 ponto
446 1560 534 1634 longe
557 1570 642 1616 sonat
664 1558 745 1616 unda
768 1559 865 1618 refuso

144 1640 375 1715 Tyrrhenusque
398 1638 478 1697 fretis
502 1637 667 1696 immittitur
690 1649 787 1697 aestus
809 1637 954 1698 Auernis?
1165 1704 1169 1710 ,

146 1722 244 1784 Haec¹
260 1719 366 1778 eadem
388 1718 501 1795 argenti
525 1716 602 1776 rivos
625 1717 758 1794 aerisque
782 1716 901 1778 metalla
1076 1724 1128 1798 165

145 1799 285 1862 Ostendit
305 1798 388 1859 venis
412 1811 501 1874 atque
522 1817 593 1857 auro
614 1797 738 1873 plurima
761 1799 850 1857 fluxit.

138 1882 235 1954 ,Haec
257 1898 350 1956 genus
374 1898 441 1938 acre
461 1878 566 1950 virum,
590 1880 706 1937 Marsos
729 1881 900 1954 pubemque
923 1880 1079 1952 Sabellam,
1094 1855 1225 1969 ‘scs

122 1962 371 2036 ·Adsuetumque
394 1960 473 2018 malo
497 1959 641 2034 Ligurem,
665 1960 851 2035 Volscosque
867 1970 984 2018 verutos

145 2040 275 2114 Extulit,
303 2042 378 2099 haec
402 2039 521 2110 Decios,
548 2038 668 2112 Marios,
693 2057 875 2114 magnosque
900 2040 1049 2112 Camillos

144 2120 297 2197 Scipiadas
319 2121 407 2179 duros
430 2121 519 2190 bello,
544 2131 574 2177 et
594 2130 632 2192 te,
658 2118 786 2178 maxime
811 2121 928 2191 Caesar,
1075 2135 1130 2194 170

145 2201 206 2276 Qui
230 2220 309 2259 nunc
333 2199 469 2260 extremis
486 2197 581 2266 ,Asiae
605 2199 664 2257 iam
686 2198 780 2257 victor
804 2199 834 2257 in
857 2199 914 2258 oris

145 2282 292 2341 Inbellem
315 2279 420 2340 avertis
443 2279 589 2339 Romanis
610 2277 724 2336 arcibus
747 2280 864 2337 Indum.

136 2362 238 2433 Salve,
262 2380 372 2437 magna
392 2379 498 2436 parens
519 2362 642 2434 frugum,
667 2359 801 2418 Saturnia
823 2361 916 2442 tellus,

144 2445 257 2518 Magna
280 2442 392 2500 vimm:
421 2440 475 2499 tibi
496 2459 543 2498 res
566 2440 703 2515 antiquae
725 2440 821 2499 laudis
843 2451 872 2499 et
894 2439 963 2500 artis

144 2521 307 2598 Ingredior,
333 2532 449 2580 sanctos
474 2539 562 2578 ausus
585 2522 734 2579 recludere
756 2521 860 2592 fontes,
1073 2538 1127 2598 175

112 2552 996 2688 [QQQQQQQQ

184 2685 274 2742 Nunc
295 2685 378 2742 locus
401 2700 535 2741 arvorum
557 2680 690 2756 ingeniis
715 2699 792 2755 quae
816 2681 924 2739 robora
947 2680 1061 2756 cuique,

143 2761 219 2837 Quis
240 2765 329 2837 color,
352 2773 383 2822 et
403 2780 480 2838 quae
501 2761 539 2820 sit
558 2764 645 2820 rebus
667 2770 771 2818 natura
790 2760 926 2820 serendis,

72 2865 77 2875 ·
144 2842 287 2902 Difficiles
308 2841 435 2918 primum
458 2852 549 2901 terrae
574 2841 723 2915 collesque
747 2839 876 2914 maligni,

143 2923 256 2982 Tenuis
279 2921 332 2981 ubi
354 2921 455 2999 argilla
477 2932 507 2980 et
531 2919 665 2980 dumosis
687 2920 815 2977 calculus
839 2917 925 2994 arvis,
1074 2921 1130 2976 180

143 3002 276 3062 Palladia
298 3004 429 3079 gaudent
451 3001 523 3060 silva
546 2999 655 3059 vivacis
678 2998 780 3058 olivae.

144 3083 261 3143 Indicio
286 3093 330 3142 est
354 3093 448 3141 tractu
473 3099 594 3156 surgens
618 3080 745 3138 oleaster
767 3079 872 3139 eodem

143 3163 290 3223 Plurimus
314 3174 344 3223 et
366 3161 446 3222 strati
468 3161 549 3221 bacis
572 3158 751 3218 silvestribus
773 3160 840 3234 agri.

142 3247 182 3303 At
204 3263 281 3320 quae
303 3241 419 3319 pinguis
443 3244 550 3299 humus
573 3239 711 3315 dulcique
733 3239 843 3314 uligine
864 3241 950 3312 laeta,

142 3323 262 3400 Quique
284 3326 422 3398 trequens
444 3319 542 3379 herbis
565 3330 595 3378 et
619 3318 719 3377 fertilis
741 3321 832 3376 ubere
854 3337 976 3391 campus
1074 3321 1127 3390 185
