2460 3686
360 83 600 143 AENEIDOS
623 84 707 141 LIB.
733 83 791 140 IV.
1014 102 1070 160 229

42 237 232 308 ‘Audiam
254 247 284 297 et
304 237 377 296 haec
397 255 500 296 manes
520 237 620 296 veniet
640 235 712 296 mihi
731 238 810 296 fama
830 239 886 297 sub
907 235 1001 296 imos’

41 316 134 377 His
159 315 291 376 medium
312 315 399 376 dictis
419 336 586 376 sermonem
606 316 763 393 abrumpit,
785 329 814 376 et
834 335 919 376 auras

40 401 177 472 Aegra
196 395 279 472 fugit,
300 415 392 472 seque
412 415 449 456 ex
471 397 565 455 oculis
586 397 689 456 avertit
714 407 743 456 et
764 398 866 470 aufert,

42 475 234 551 Linquens
248 477 341 534 multa
354 485 436 535 metu
450 487 639 536 cunctantem
653 487 683 536 et
698 478 790 535 multa
803 487 956 552 parantem
1012 495 1072 550 390

44 556 196 616 Dicere.
239 555 408 632 Suscipiunt
428 557 563 627 famulae,
583 557 782 632 conlapsaque
803 559 935 616 membra

47 639 252 694 Marmoreo
272 636 399 694 referunt
420 636 550 695 thalamo
570 636 726 712 stratisque
746 645 901 712 reponunt.

108 717 159 774 At
181 713 247 790 pius
269 718 393 786 Aeneas,
413 734 594 791 quamquam
614 716 706 775 lenire
726 716 876 776 dolentem

48 795 212 854 Solando
232 795 313 870 cupit
333 806 363 855 et
383 794 471 854 dictis
491 806 620 856 avertere
641 814 734 867 curas,

51 875 179 933 Multa
200 893 330 950 gemens,
351 893 519 951 magnoque
540 874 672 934 animum
694 876 854 935 labefactus
875 894 983 948 amore,
1013 893 1070 952 395
1104 952 1107 958 ι

54 955 168 1012 Iussa
187 965 287 1013 tamen
308 954 409 1013 divom
429 954 603 1030 exsequitur,
624 955 807 1032 classemque
827 954 933 1014 revisit.

52 1037 161 1092 Tum
181 1053 251 1092 vero
271 1033 379 1094 Teucri
399 1032 582 1106 incumbunt,
607 1045 637 1094 et
654 1034 740 1094 litore
760 1036 854 1094 celsas

56 1114 243 1172 Deducunt
263 1122 327 1172 toto
348 1133 445 1173 naves.
479 1116 579 1186 ¹Natat
598 1125 690 1173 uncta
708 1112 823 1186 carina;

58 1194 324 1269 Frondentesque
344 1194 442 1252 serunt
461 1212 558 1253 remos
578 1205 608 1253 et
628 1197 736 1254 robora
755 1194 833 1254 silvis

59 1272 267 1345 Infabricata,
288 1273 374 1348 fugae
394 1272 501 1332 studio.
1013 1295 1072 1346 400

64 1350 247 1429 Migrantes
268 1371 379 1426 cemas,
401 1364 523 1428 totaque
544 1373 581 1413 ex
602 1356 675 1414 urbe
696 1365 814 1414 ruentes
825 1373 835 1428 ;

62 1435 125 1490 Ac
147 1433 227 1491 velut
246 1430 396 1508 ingentem
416 1432 556 1492 formicae
576 1433 657 1492 farris
679 1453 814 1494 acervom

65 1513 159 1571 Cum
182 1513 335 1588 populant,
358 1512 463 1572 hiemis
485 1532 640 1585 memores,
663 1525 802 1590 tectoque
822 1526 987 1592 reponunt:

67 1594 106 1650 It
133 1590 248 1667 nigrum
269 1591 382 1668 campis
404 1612 518 1668 agmen,
540 1595 738 1670 praedamque
758 1613 810 1670 per
830 1596 934 1655 herbas

67 1672 268 1730 Convectant
288 1674 362 1732 calle
382 1683 508 1749 angusto
519 1693 528 1746 ς
555 1692 622 1748 pars
645 1673 768 1750 grandia
787 1676 909 1735 trudunt
1014 1692 1070 1750 405

69 1750 217 1811 Obnixae
238 1753 384 1811 frumenta
403 1752 529 1827 umeris;
552 1772 618 1830 pars
640 1753 757 1830 agmina
777 1766 888 1830 cogunt

70 1830 294 1906 Castigantque
315 1851 431 1902 moras;
452 1851 541 1908 opere
561 1833 657 1892 omnis
678 1833 782 1894 semita
802 1835 900 1894 servet.

72 1909 157 1984 Quis
179 1909 232 1969 tibi
252 1921 323 1984 tum,
347 1911 438 1982 Dido,
460 1911 591 1972 cernenti
611 1913 681 1972 talia
701 1932 813 1986 sensus,

71 1991 203 2064 Quosve
223 1990 315 2050 dabas
335 1991 471 2067 gemitus,
492 2012 562 2050 cum
583 1993 669 2052 litora
689 1994 799 2052 fervere
819 1995 878 2054 late

72 2069 268 2146 Prospiceres
288 2090 355 2131 arce
376 2091 413 2131 ex
433 2090 557 2146 summa,
578 2083 734 2148 totumque
753 2072 866 2132 videres
1014 2093 1072 2146 410

74 2148 204 2209 Misceri
223 2161 293 2210 ante
313 2152 416 2211 oculos
436 2151 525 2211 tantis
546 2151 722 2212 clamoribus
742 2155 874 2228 aequor?

75 2231 224 2306 Improbe
244 2249 335 2301 amor,
358 2231 431 2306 quid
451 2251 512 2290 non
533 2232 669 2291 mortalia
688 2244 809 2308 pectora
829 2232 932 2309 cogis?

76 2311 131 2368 Ire
151 2308 256 2368 iterum
276 2308 308 2367 in
328 2310 469 2383 lacrimas,
491 2311 596 2370 iterum
617 2323 760 2388 temptare
781 2315 931 2388 precando

77 2388 214 2464 Cogitur,
236 2401 265 2448 et
285 2392 412 2466 supplex
432 2391 548 2450 animos
569 2392 750 2452 summittere
770 2393 872 2465 amori,

77 2470 129 2527 Ne
151 2467 224 2544 quid
245 2469 429 2546 inexpertum
450 2472 555 2530 frustra
575 2471 717 2532 moritura
736 2471 888 2549 relinquat.
1012 2491 1069 2550 415

122 2551 231 2620 ‘Anna
252 2548 335 2609 vides
357 2561 420 2609 toto
441 2551 592 2627 properari
612 2552 714 2612 litore:
743 2553 853 2612 circum

80 2626 240 2704 ‘Undique
261 2648 426 2690 convenere
437 2651 445 2702 3
472 2641 559 2690 vocat
578 2630 637 2690 iarn
658 2633 796 2692 carbasus
816 2652 909 2704 auras,

81 2706 249 2783 ‘Puppibus
270 2719 299 2768 et
319 2710 387 2769 laeti
408 2721 516 2770 nautae
535 2710 703 2788 imposuere
724 2731 856 2772 coronas.

82 2789 189 2848 ‘Hunc
209 2807 264 2865 ego
285 2787 310 2847 si
329 2789 413 2866 potui
434 2800 549 2850 tantum
570 2810 685 2866 sperare
706 2793 848 2864 dolorem,

82 2869 135 2926 ‘Et
148 2869 281 2943 perferre,
298 2887 387 2941 soror,
403 2883 515 2945 potero.
558 2871 685 2930 Miserae
700 2872 758 2931 hoc
771 2882 871 2931 tamen
885 2891 976 2931 unum
1012 2893 1070 2946 420

83 2949 272 3023 ‘Exsequere‚
297 2951 393 3022 Anna,
416 2948 501 3023 mihi3
523 2951 615 3010 solam
636 2970 706 3009 nam
726 2952 854 3028 perfidus
874 2951 924 3013 ille

83 3029 140 3086 ‘Te
160 3027 264 3102 colere,
287 3046 410 3087 arcanos
431 3029 520 3089 etiam
541 3030 594 3090 tibi
615 3033 734 3090 credere
754 3051 870 3106 sensus,

83 3107 164 3166 ‘Sola
182 3105 236 3165 viri
256 3109 360 3168 molles
380 3107 478 3168 aditus
499 3120 528 3168 et
548 3120 682 3186 tempora
701 3130 795 3172 noras.

85 3187 122 3258 ‘I,
143 3205 232 3257 soror,
255 3196 344 3263 atque
364 3189 481 3248 hostem
502 3191 625 3265 supplex
645 3191 744 3251 adfare
765 3193 936 3268 superbum:

85 3267 166 3325 ‘Non
187 3284 243 3341 ego
263 3285 332 3324 curn
355 3267 467 3326 Danais
487 3269 645 3328 Troianam
666 3271 837 3332 exscindere
856 3286 975 3349 gentem
1010 3290 1067 3349 425

86 3344 203 3405 ‘Aulide
223 3345 323 3420 iuravi,
345 3348 506 3407 classemve
526 3350 565 3408 ad
585 3351 727 3426 Pergama
746 3351 830 3410 misi:
