2462 3678
380 101 620 162 AENEIDOS
636 104 721 161 ΠΒ.
744 105 800 161 IX.

60 230 267 292 Consilium
288 230 410 290 summis
430 231 511 307 regni
531 231 569 289 de
590 232 678 290 rebus
699 233 859 306 habebant,

65 311 183 386 Quid
203 313 334 371 facerent
354 310 457 387 quisve
478 313 599 370 Aeneae
620 311 679 370 iam
700 313 820 372 nuntius
841 325 928 373 esset.

70 389 185 464 Stant
206 391 301 466 longis
322 389 422 449 adnixi
443 390 533 448 hastis
555 400 585 450 et
605 401 689 450 scuta
709 403 844 452 tenentes
1108 465 1110 470 Ι

74 473 273 531 Castrorum
293 479 323 530 et
344 469 443 547 campi
464 470 572 530 medio.
614 474 692 529 Tum
715 471 804 531 Nisus
826 483 855 532 et
875 493 935 533 una
1038 493 1095 550 230

75 552 245 627 Euryalus
267 550 424 609 confestim
444 552 555 609 alacres
576 550 724 611 admittier
745 564 848 614 orant:

81 633 179 704 Rern
201 649 347 705 magnam,
369 629 555 706 pretiumque
575 649 675 689 morae
695 633 764 690 fore.
808 632 923 692 Primus
944 635 1027 692 Iulus

84 710 229 786 Accepit
248 708 378 784 trepidos
399 728 435 768 ac
456 710 561 768 Nisum
583 709 680 770 dicere
701 709 793 770 iussit.

85 791 181 847 Turn
202 788 245 847 sic
267 788 462 864 Hyrtacides:
492 789 619 850 ‘Audite
640 808 659 848 0
680 791 829 850 mentibus
850 791 959 868 aequis,

91 868 286 939 ‘Aeneadae
309 887 383 928 neve
404 870 478 928 haec
498 870 604 928 nostris
625 881 794 945 spectentur
814 873 852 930 ab
873 873 967 944 annis,
1036 892 1090 950 235

91 949 207 1022 ‘Quae
227 947 354 1006 ferimus.
397 949 501 1007 Rutuli
522 967 628 1008 somno
648 949 777 1024 vinoque
799 951 886 1009 soluti
900 941 975 1016 [erun
1005 975 1010 991 ¹

90 1027 298 1087 ‘Conticuere
308 1049 315 1098 ;
343 1030 442 1087 locum
462 1027 575 1086 insidiis
596 1031 805 1104 conspeximus
825 1030 888 1106 ipsi,

92 1105 181 1181 ‘Qui
201 1118 283 1183 patet
303 1107 334 1165 in
355 1105 434 1166 bivio
454 1119 565 1182 portae,
588 1127 663 1184 quae
683 1128 827 1185 proxuma
846 1120 940 1186 ponto
950 1131 959 1183 ;

92 1185 280 1263 ‘Interrupti
300 1187 391 1262 ignes,
414 1197 534 1261 aterque
555 1188 594 1246 ad
614 1188 710 1247 sidera
729 1190 826 1249 sumus

91 1265 264 1342 ‘Erigiturr
291 1266 316 1324 si
336 1267 453 1325 fortuna
473 1266 639 1343 permittitis
660 1267 702 1326 uti

93 1346 294 1420 ‘Quaesitum
318 1349 440 1405 Aenean
462 1357 492 1406 et
512 1347 631 1406 moenia
652 1349 810 1419 Pallantea,

93 1425 264 1485 ‘Mox'hic
285 1445 353 1485 cum
374 1425 475 1502 spoliis
495 1425 608 1503 ingenti
629 1427 721 1486 caede
742 1439 860 1503 peracta

94 1506 231 1566 ‘Adfore
251 1504 385 1565 cernetis.
429 1509 495 1566 Nec
515 1525 571 1566 nos
591 1505 638 1566 via
658 1509 739 1566 fallet
760 1520 882 1569 euntes:

95 1585 256 1645 ‘Vidimus
277 1585 409 1646 obscuris
429 1585 555 1663 primam
576 1589 633 1647 sub
652 1589 776 1648 vallibus
797 1591 900 1649 urbem

95 1667 237 1724 ‘Venatu
258 1666 385 1725 adsiduo
406 1677 435 1724 et
457 1675 551 1724 totum
573 1669 765 1742 eognovimus
785 1674 922 1730 amnem!
1035 1691 1089 1749 245

96 1747 163 1805 Hic
184 1746 270 1805 annis
289 1746 383 1822 gravis
404 1758 494 1822 atque
515 1745 606 1805 animi
627 1760 757 1808 maturus
777 1752 895 1811 Aletes:

97 1825 160 1885 ‘Di
180 1825 274 1902 patrii,
296 1845 421 1902 quorum
443 1845 558 1902 semper
579 1829 633 1885 sub
654 1828 775 1887 numine
797 1830 886 1889 Troia
907 1843 958 1903 est,

97 1908 189 1964 ‘Non
211 1917 309 1965 tamen
331 1905 454 1965 omnino
474 1909 605 1966 Teucros
627 1908 724 1967 delere
745 1909 860 1984 paratis,
945 1926 947 1930 ·

97 1987 197 2046 ‘Cum
218 1987 291 2046 tales
311 1985 426 2044 animos
446 1986 586 2045 iuvenum
607 1997 636 2046 et
657 1998 718 2046 tam
738 1999 818 2048 certa
838 1988 942 2048 tulistis

98 2066 261 2125 ‘Pectora'
302 2066 349 2124 Sic
370 2085 536 2125 memorans
557 2067 694 2126 humeros
715 2068 889 2143 dextrasque
903 2071 1023 2129 tenebat
1036 2089 1093 2147 ²50

96 2146 265 2204 Amborum
285 2155 316 2205 et
337 2147 448 2205 voltum
470 2145 596 2205 lacrimis
616 2158 706 2223 atque
726 2167 778 2206 ora
796 2148 914 2225 rigabat.

99 2226 204 2299 ‘Quae
223 2225 317 2298 vobis,
339 2244 415 2300 quae
437 2225 534 2302 digna,
555 2225 616 2298 viri,
639 2246 692 2302 pro
713 2227 848 2287 laudibus
868 2227 930 2289 istis

100 2303 256 2364 ‘Praemia
275 2323 364 2380 posse
384 2324 448 2364 rear
468 2304 564 2365 solvi?
604 2306 801 2366 Pulchenima
820 2307 949 2384 primum

100 2383 161 2443 ‘Di
181 2403 338 2460 moresque
359 2385 473 2444 dabunt
493 2385 580 2444 vestri
590 2407 598 2458 3
625 2397 689 2444 tum
710 2398 807 2447 cetera
826 2390 931 2449 reddet

101 2467 262 2523 ‘Actutum
284 2463 349 2540 pius
369 2466 487 2524 Aeneas
507 2475 596 2540 atque
616 2465 729 2541 integer
748 2468 813 2527 aevi
1035 2487 1090 2547 255

102 2543 274 2616 ‘Ascanius
295 2543 391 2603 meriti
412 2543 488 2603 tanti
508 2564 569 2603 non
589 2544 736 2605 inmemor
754 2549 902 2623 unquam’

102 2627 220 2683 ‘Immo
243 2643 298 2700 ego
318 2642 380 2697 νος,
404 2624 451 2682 cui
472 2625 535 2684 sola
555 2627 634 2684 salus
653 2627 785 2701 genitore
805 2628 946 2700 reducto,'

102 2701 221 2780 Excipit
241 2702 394 2776 Ascanius
419 2708 488 2780 ‘per
507 2723 638 2780 magnos,
662 2705 744 2778 Nise,
766 2708 890 2765 Penates

104 2781 313 2859 ‘Assaracique
335 2785 440 2842 Larem
461 2793 491 2844 et
511 2803 603 2843 canae
623 2783 784 2859 penetralia
803 2787 911 2845 Vestae

104 2863 273 2934 ‘Obtestor;
301 2881 506 2939 quaecumque
527 2862 599 2920 mihi
619 2864 734 2921 fortuna
753 2865 887 2939 fidesque
907 2876 960 2938 est,
1035 2869 1093 2926 260

105 2944 156 2999 ‘In
178 2941 280 3001 vestris
300 2961 382 3018 pono
402 2942 539 3019 gremiis3
567 2952 703 3002 revocate
722 2955 884 3019 parentem,

106 3021 251 3081 ‘Reddite
272 3034 482 3099 conspectum
509 3021 582 3080 nihil
603 3021 654 3082 illo
674 3023 754 3083 triste
774 3034 901 3099 recepto.

106 3099 195 3159 ‘Bina
214 3102 295 3161 dabo
315 3113 436 3178 argento
458 3103 586 3177 perfecta
606 3113 695 3178 atque
715 3121 818 3179 aspera
839 3102 929 3182 signis

107 3182 240 3252 ‘Pocula
263 3181 379 3241 devicta
399 3182 513 3258 genitor
534 3201 610 3256 quae
630 3181 708 3258 cepit
728 3183 841 3255 Arisba,

107 3262 160 3319 ‘Et
181 3259 312 3337 tripodas
333 3261 475 3338 geminos,
498 3261 559 3319 auri
581 3263 641 3321 duo
662 3282 768 3339 magna
787 3265 904 3336 talenta,
1033 3267 1088 3338 265

62 3363 64 3368 ¹
109 3342 243 3400 ‘Cratera
263 3340 427 3417 antiquom,
450 3361 537 3416 quem
558 3342 609 3402 dat
630 3341 752 3402 Sidonia
773 3343 861 3404 Dido.
