2442 3686
123 85 180 160 39⁸
374 85 410 144 P.
446 85 636 146 Vanam]
656 84 871 144 MARONJS

124 209 244 268 Nomen
265 219 326 268 erat
346 208 467 281 virtutis,
490 207 603 286 etipse
623 206 782 268 acerrimus
802 204 938 266 armis-

125 291 160 346 In
183 288 296 348 medias
316 291 368 348 dat
388 309 453 350 sese
473 289 560 362 acies,
582 290 662 348 haud
683 287 784 348 nescia
802 306 912 359 rerum,

124 369 329 444 Rumoresque
350 370 419 429 serit
439 369 543 441 varios,
565 388 601 428 ac
621 367 691 428 talia
710 370 799 427 fatur:

125 449 212 508 ‘Non
233 450 333 525 pudet,
355 469 375 510 o
397 449 510 519 Rutuli,
532 469 586 525 pro
606 447 721 508 cunctis
740 446 848 506 talibus
868 465 967 504 unam

125 527 302 588 ‘Obiectare
322 529 470 588 animam?
491 549 654 588 numerone
675 548 713 586 an
733 527 843 586 viribus
863 526 956 602 aequi
1076 533 1146 602 ²30'

125 607 214 667 ‘Non
235 612 355 668 sumus?
378 611 433 680 En,
455 629 559 670 omnes
579 621 610 668 et
629 611 724 667 Troes
745 619 774 668 et
795 607 928 665 Arcades
951 605 986 664 hi
1008 620 1093 680 sunt,

125 688 321 763 ‘Fatalesque
343 707 456 758 manus,
479 688 593 748 insensa
615 687 730 748 Etruria
749 690 861 746 Turno.

125 766 202 824 ‘Vix
223 768 347 838 hostem,
369 768 474 828 alterni
495 769 519 827 si
539 768 772 844 congrediamur,
795 768 949 825 habemus.

124 847 200 906 ‘Ille
219 847 341 922 quidem
361 849 400 907 ad
421 867 551 925 superos,
573 867 699 924 quorum
719 866 751 905 se
772 847 900 907 devovet
921 846 993 919 aria,

125 927 290 986 ‘Succedet
310 929 396 1000 sama,
418 928 560 1004 vivusque
581 948 634 1004 per
654 947 705 986 ora
724 928 845 999 seretur,
1076 945 1131 1004 235

127 1008 220 1078 ‘Nos
241 1008 335 1084 patria
355 1008 470 1081 amissa,
493 1007 622 1067 dominis
641 1025 742 1083 parere
765 1005 898 1082 superbis

125 1087 302 1162 ‘Cogemun
325 1087 376 1163 qui
397 1107 477 1147 nunc
498 1088 570 1148 lenti
590 1086 781 1147 consedimus
801 1086 895 1145 arvis!

123 1165 246 1225 Talibus
267 1167 388 1226 incensa
409 1180 453 1227 est
474 1168 611 1228 iuvenum
633 1166 778 1226 sententia
800 1166 885 1225 dictis

125 1247 189 1304 Iam
210 1247 302 1322 magis
323 1258 411 1323 atque
432 1249 533 1325 magis,
555 1247 703 1324 serpitque
724 1266 776 1323 per
796 1245 915 1322 agmina
936 1265 1091 1320 murmur;

124 1325 186 1402 Ipsi
208 1328 369 1386 Laurentes
389 1329 493 1387 mutati
514 1328 628 1405 ipsique
651 1326 756 1386 Latini.
1072 1348 1128 1400 ²40

124 1405 185 1481 Qui
204 1405 260 1465 sibi
282 1407 339 1465 iam
361 1409 491 1484 requiem
512 1427 627 1485 pugnae
648 1410 796 1482 rebusque
816 1408 940 1466 salutem

124 1487 297 1561 sperabant,
319 1505 400 1546 nunc
419 1507 501 1547 arma
521 1491 633 1561 volunt,
654 1490 819 1563 foedusque
839 1498 1000 1563 precantur

125 1566 282 1636 Insectum,
304 1577 333 1625 et
354 1567 447 1626 Tumi
468 1580 576 1628 sortem
597 1568 770 1627 miserantur
790 1567 930 1643 iniquam.

125 1643 183 1704 His
203 1645 284 1703 aliud
304 1647 398 1706 maius
420 1650 543 1707 Iuturna
563 1648 705 1724 adiungit,
727 1658 757 1706 et
776 1650 838 1707 alto

126 1726 186 1783 Dat
207 1724 323 1802 signum
344 1728 436 1798 caelo,
458 1747 519 1803 quo
539 1747 600 1786 non
622 1727 803 1804 praesentius
824 1729 916 1786 ullum
1068 1747 1123 1805 245

124 1805 268 1864 Turbavit
288 1817 403 1866 mentes
424 1808 524 1881 Italas,
546 1820 737 1884 monstroque
758 1808 868 1866 fefellit.

126 1886 264 1960 Namque
284 1887 387 1946 volans
408 1890 495 1947 rubra
515 1889 612 1946 sulvus
634 1887 713 1946 lovis
732 1889 793 1946 ales
814 1887 845 1946 in
865 1887 966 1946 aethra

125 1964 257 2026 Litoreas
278 1966 408 2042 agitabat
427 1987 495 2027 aves
517 1970 693 2043 turbamque
714 1979 868 2026 sonantem

125 2044 261 2120 Agminis
281 2045 395 2122 aligeri:
416 2047 514 2106 subito
535 2067 603 2106 cunr
624 2050 723 2124 lapsus
742 2049 781 2107 ad
802 2048 897 2106 undas

126 2125 261 2200 Cycnum
282 2127 475 2186 excellentem
497 2128 624 2203 pedibus
645 2127 721 2204 rapit
738 2125 889 2201 improbus
909 2125 1003 2183 uncis.
1065 2141 1123 2200 ²50

124 2205 266 2264 Arrexere
286 2205 401 2266 animos
423 2206 498 2279 Itali,
520 2219 703 2283 cunctaeque
724 2209 857 2266 volucres

126 2285 310 2344 Convertunt
331 2287 459 2346 clamore
480 2288 587 2363 fugam,
609 2287 742 2346 mirabile
762 2287 836 2358 visu,

125 2364 312 2440 Aetheraque
332 2367 491 2425 obscurant
510 2366 625 2443 permis,
647 2369 822 2442 hostemque
841 2385 894 2442 per
913 2384 998 2424 auras

126 2445 216 2504 Facta
235 2446 316 2503 nube
336 2456 482 2521 premunt,
504 2447 601 2505 donec
622 2447 650 2505 vi
671 2447 765 2505 victus
786 2456 816 2505 et
836 2446 901 2521 ipso

126 2524 262 2584 Pondere
283 2525 398 2596 defecit,
421 2527 619 2602 praedamque
640 2546 677 2586 ex
698 2526 846 2603 unguibus
866 2527 927 2584 ales
1061 2543 1117 2604 255

126 2604 253 2664 Proiecit
272 2604 370 2677 fluvio,
392 2606 567 2682 penitusque
589 2606 619 2665 in
640 2605 742 2665 nubila
761 2606 842 2682 sugit.

124 2687 204 2744 Tum
225 2704 295 2745 vero
316 2685 469 2762 augurium
491 2686 594 2745 Rutuli
616 2689 743 2746 clamore
764 2688 901 2757 salutant,

126 2764 354 2841 Expediuntque
374 2784 493 2836 manus;
513 2766 683 2843 primusque
704 2765 881 2825 Tolumnius
900 2783 1001 2840 augur,

127 2847 218 2903 ‘Hoc
239 2856 308 2916 erat,
330 2846 397 2917 hoc,
419 2846 512 2917 votis,'
535 2845 637 2922 inquit,
661 2847 761 2922 ‘quod
781 2865 870 2922 saepe
889 2844 990 2920 petivi.

127 2923 279 2999 ‘Accipio
301 2926 512 3001 adgnoscoque
533 2926 620 2997 deos;
641 2944 696 2997 me,
720 2945 767 2984 me
788 2927 864 2985 duce
886 2927 994 2984 serrum
1061 2926 1116 2982 260

127 3002 300 3074 ‘Corripite
322 3023 341 3062 o
363 3005 468 3074 miseri,
485 3023 560 3078 quos
581 3004 722 3080 inprobus
742 3006 859 3064 advena
878 3006 957 3065 bello

126 3078 278 3144 ‘Territat,
300 3078 443 3137 invalidas
463 3092 496 3138 ut
516 3101 595 3151 aves,
618 3093 646 3140 et
667 3083 752 3141 litora
772 3095 869 3142 vestra

126 3152 182 3207 ‘Vi
202 3154 331 3236 populat
376 3158 460 3213 Petet
481 3158 530 3215 ille
550 3162 657 3234 fugam,
679 3162 856 3237 penitusque
877 3163 1026 3238 profundo

125 3227 217 3282 ‘Vela
236 3226 324 3281 dab1t
369 3230 432 3286 Vos
452 3235 584 3292 unanimi
606 3239 727 3297 densate
749 3251 888 3312 catervas,

126 3303 182 3356 ‘Et
201 3317 299 3370 regern
319 3303 403 3360 vobis
422 3324 523 3380 pugna
543 3314 693 3373 defendite
713 3321 848 3391 raptum!
1059 3321 1108 3394 265
