2494 3702
406 79 641 138 BUCOLJCA.
684 79 777 137 ECL.
808 80 856 136 Vr

128 231 218 304 Vare,
240 242 306 290 tuas
326 229 447 306 cupiant
468 241 498 290 et
518 223 611 288 tfr'stl'a
630 227 762 291 condere
779 227 869 310 bella)

127 311 286 386 Agrestem
307 309 388 370 tenui
407 307 740 376 medilabbfafuhdine
760 330 882 370 musam.

127 389 202 449 Non
221 389 331 449 iniussa
350 409 435 450 cano.
476 389 507 450 Si
527 389 592 466 quis
613 403 713 450 tamen
733 392 807 451 haec
819 410 956 480 quoque,
977 392 1003 452 si
1023 394 1088 469 quis

128 471 243 546 Captus
263 489 363 530 amore
384 471 470 546 leget,
490 481 520 530 te
541 467 667 544 nostiae,
680 467 926 548 'Vale‘ntytica'q
1093 493 1128 531 10

127 551 174 609 Te
194 551 299 612 nemus
320 544 409 609 onine
429 562 534 625 canet,
558 553 700 614 necPho
720 552 759 611 bo
772 551 886 628 gratior
907 553 966 610 ulla
986 563 1039 624 est,

130 630 229 706 Quam
250 630 306 689 sibi
326 649 402 706 quae
422 631 494 690 Vari
514 571 827 708 prdescripsifpa'glna
847 633 978 692 nornen.¹
1034 634 1053 664 ¹
1063 646 1071 661 ¹
1100 629 1108 642 ¹

168 709 291 786 Pergite,
314 709 453 770 Pierides.
495 710 633 772 Chromis
653 721 684 770 et
704 713 870 787 Mnasyllos
890 711 922 770 in
942 724 1027 770 antro

128 787 264 850 Silenum
285 791 369 866 pueri
389 809 495 849 somno
515 792 615 850 videre
635 791 790 864 iacentem,

128 870 271 930 Inflatum
290 873 429 930 hesterno
449 889 548 943 venas,
569 881 603 930 ut
623 890 748 948 semper,
771 871 898 932 Iaccho:
1091 888 1124 948 15

126 951 211 1010 Serta
230 952 333 1026 procul
353 961 467 1010 tanturn
488 951 578 1027 capiti
598 951 666 1010 dela
703 971 728 1023 a,
751 951 897 1022 iacebant,

128 1031 168 1088 Et
187 1030 282 1106 gravis
302 1030 401 1090 attrita
419 1033 574 1107 pendebat¹
589 1040 644 1095 cah
679 1031 746 1091 a'rus
766 1025 846 1090 amsa.

126 1109 269 1186 Adgressi
290 1111 372 1186 (nam
392 1130 483 1187 saepe
503 1098 604 1171 seners
616 1130 669 1188 spe
688 1111 829 1171 carminis
848 1112 939 1170 ambo

128 1189 267 1270 Luserat)
288 1171 417 1250 ifficlrfnf
432 1191 518 1267 ipsis
525 1211 561 1250 ex
581 1192 699 1250 vincula
719 1192 811 1251 sertis.

125 1269 221 1331 Addit
242 1289 274 1330 se
295 1270 406 1330 sociam
428 1271 598 1347 timidisque
619 1272 789 1347 supervenit
808 1272 910 1348 Aegle,

124 1351 229 1428 Aegle,
252 1350 401 1410 Naiadum
421 1350 625 1490 pulcherriyn?
647 1354 706 1410 iam
728 1371 766 1412 ue
787 1350 900 1411 videnti

127 1430 302 1508 Sanguineis
322 1421 559 1490 frontensrhoiis
581 1451 597 1490 e
613 1425 690 1492 'fem
714 1429 790 1495 dra!
809 1431 885 1508 ’ugit

126 1512 185 1570 Ille
205 1511 309 1570 dolum
330 1510 429 1571 ridens
452 1513 538 1586 ‘Quo
558 1511 676 1594 vinyrla
691 1451 851 1572 uectiddt’
879 1511 982 1591 inquit.

127 1590 258 1650 ‘Solvite
279 1609 336 1663 me,
357 1591 458 1667 pueri:
486 1592 555 1651 satis
576 1601 621 1651 e'st
640 1592 773 1668 potuisse
794 1592 897 1652 videri.

127 1669 285 1731 ‘Carmina
326 1690 381 1730 uae
402 1671 489 1730 vultis
511 1673 681 1748 cognoscite
692 1693 701 1747 3
729 1674 859 1733 carmina
878 1673 972 1745 vobis,

126 1750 230 1809 ‘Huic
250 1690 588 1811 ariddfmerceds'serit!
628 1751 721 1811 Simul
741 1752 845 1829 incipit
865 1752 937 1830 ipse.

125 1831 205 1889 Turn
225 1829 346 1890 veroin
365 1843 520 1890 numerum
542 1834 720 1908 Faunosque
739 1834 874 1909 ferasque
894 1834 1007 1894 videres

127 1911 252 1982 Ludere,
273 1921 337 1969 tum
357 1909 463 1986 rigidas
484 1923 597 1973 motare
617 1913 771 1971 cacumina
791 1932 932 1988 quercus:

126 1991 193 2048 Nec
213 2001 329 2049 tantum
351 1991 474 2050 Phoebo
494 1993 604 2068 gaudet
625 1992 765 2051 Parnasia
784 2012 882 2069 rupes,

126 2071 190 2128 Nec
212 2080 326 2128 tantum
348 2070 497 2147 Rhodope
517 2072 639 2131 miratur
657 2082 689 2131 et
709 2074 838 2130 Ismarus
860 2075 987 2150 Orphea.

125 2150 264 2225 Namque
285 2151 420 2223 canebat,
441 2149 485 2211 uti
505 2170 645 2228 magnum
666 2171 719 2227 per
738 2151 828 2210 inane
848 2162 952 2212 coacta

126 2227 246 2289 Semina
266 2239 465 2306 terrarumque
484 2230 660 2308 animaeque
681 2230 828 2307 marisque
849 2231 972 2292 fuissent

125 2309 165 2367 Et
186 2308 291 2385 liquidi
312 2310 399 2368 simul
420 2311 495 2386 iguis
504 2330 514 2382 ;
562 2311 639 2370 this
660 2311 782 2370 exordia
800 2311 902 2388 primis

124 2388 236 2449 Omnia
256 2400 286 2449 et
307 2389 370 2465 ipse
391 2400 474 2449 tener
494 2331 799 2453 indulconefeter‘it
821 2395 899 2452 orbis
908 2411 918 2466 ;

125 2471 206 2527 Tum
227 2470 332 2529 durare
352 2470 449 2530 solum
471 2481 501 2529 et
521 2471 687 2531 discludere
709 2473 938 2536 NereafPontor
997 2488 1015 2518 s
1051 2491 1063 2530 r

125 2548 268 2624 Coeperit
289 2561 319 2608 et
339 2567 437 2608 rerum
458 2552 601 2626 paulatim
622 2569 737 2610 sumere
758 2552 885 2625 formas;

125 2630 252 2704 Iamque
272 2647 383 2688 novum
405 2641 462 2688 terr
518 2640 657 2715 stupeant
677 2633 825 2692 lucescere
846 2633 949 2707 solem,

124 2707 222 2767 Altius
241 2719 332 2784 atque
352 2649 636 2770 cadffiummolis
657 2707 786 2771 nubibus
806 2711 915 2773 imbres
925 2735 934 2786 ;

125 2788 265 2864 Incipant
286 2787 376 2848 silvae
397 2809 465 2848 cum
486 2791 613 2866 primum
635 2810 760 2867 surgere,
783 2811 910 2868 cumque

125 2869 205 2926 Rara
225 2887 277 2944 per
297 2868 414 2945 ignaros
435 2882 532 2930 errent
551 2869 692 2930 animalia
711 2882 837 2932 montes

126 2947 209 3006 Hinc
229 2947 344 3025 lapides
365 2950 492 3026 Pyrrhae
513 2950 615 3024 iactos,
637 2950 772 3010 Saturnia
792 2971 890 3028 regna,

125 3028 352 3104 Caucaseasque
371 3031 459 3088 refert
479 3031 612 3089 volucres
632 3031 803 3107 furtumque
824 3029 1002 3090 Promethei.

124 3107 184 3166 His
204 3107 345 3185 adiungit,
370 3111 471 3185 Hylan
493 3121 600 3169 nautae
621 3129 682 3186 quo
702 3112 784 3171 sonte
805 3111 937 3172 relictum

123 3187 321 3261 Clamassent,
343 3199 376 3248 ut
397 3189 464 3248 litus
488 3191 585 3265 ‘Hyla
607 3189 704 3266 Hyla'
726 3210 815 3250 omne
836 3200 973 3262 sonaret;

125 3267 166 3325 Et
185 3267 373 3340 fortunatam,
395 3267 420 3327 si
441 3286 592 3343 nunquam
613 3281 747 3328 armenta
766 3271 896 3340 fuissent,

125 3344 295 3420 Pasipha'e‘n
316 3347 395 3405 nivei
416 3347 525 3405 solatur
545 3365 646 3405 amore
666 3347 789 3404 iuvenci.

257 3423 273 3450 l
