2468 3692
125 76 183 148 362
374 72 411 129 P.
446 72 638 132 VERGILI
658 72 871 132 MARONIS

128 197 245 258 succiso
267 197 345 258 volvi
366 217 485 275 segnem
507 198 574 258 sinit
583 220 591 272 ;
618 217 754 274 armaque
776 201 873 258 Lauso
1049 213 1103 272 700
1205 217 1206 230 *

128 279 228 336 Donat
249 277 356 336 habere
377 277 510 348 humeris,
535 287 565 336 ct
585 276 691 335 vertice
713 279 799 352 ligere
821 277 929 338 cristas.

127 358 192 416 Nec
215 374 275 414 non
299 357 453 414 Euanthen
475 355 637 430 Phrygium,
663 355 831 430 Paridisque
854 355 1001 416 Mimanta

126 435 288 508 Aequalem
309 433 503 508 comitemque
513 454 521 505 ;
547 451 606 491 una
627 453 714 507 quem
736 443 822 492 nocte
844 435 970 494 Theano

128 512 164 570 In
189 514 282 571 luceru
305 512 427 587 genitori
449 515 560 587 Amyco
582 511 672 582 dedit,
694 523 724 571 et
746 513 809 570 face
829 530 993 588 praegnans

128 589 235 650 Cisseis
257 591 355 666 regina
376 591 479 649 Parin:
507 590 587 648 Paris
610 593 681 649 urbe
703 600 824 666 patema
1049 609 1100 668 705

128 670 280 743 Occubat3
306 668 435 744 ignarum
458 672 586 727 Laurens
609 669 698 727 habet
719 688 769 728 ora
791 669 944 728 Mimanta

127 750 172 806 Ac
192 749 272 807 velut
296 746 344 806 ille
366 767 470 806 canum
492 766 589 806 morsu
611 749 649 806 de
673 747 820 806 montibus
841 748 907 806 altis

127 828 218 884 Actus
238 845 315 901 aper,
340 829 447 885 multos
468 828 594 884 Vesulus
615 845 702 900 quem
725 826 829 901 pinifer
849 845 942 884 annos

128 904 275 977 Defendit,
294 907 464 980 multosque
487 907 570 979 palus
593 904 754 975 Laurentia,
780 904 851 962 silva

128 985 230 1042 Pastus
253 983 419 1053 arundinea,
442 994 595 1058 postquam
620 981 694 1041 inter
715 983 786 1042 retia
806 994 924 1041 ventum
948 994 1000 1056 est,
1048 1001 1104 1058 710

127 1061 267 1133 Substitit,
290 1061 492 1136 infremuitque
516 1064 603 1131 ferox,
629 1074 659 1120 et
679 1061 818 1120 inhorruit
839 1081 952 1121 armos:

128 1143 193 1200 Nec
214 1141 348 1214 cuiquam
371 1139 453 1198 irasci
476 1140 651 1216 propiusque
673 1141 811 1199 accedere
833 1141 931 1211 virtus,

127 1219 185 1280 Sed
209 1217 308 1277 iaculis
330 1218 456 1293 tutisque
479 1220 578 1294 procul
600 1218 772 1277 clamoribus
793 1219 919 1278 instant:

128 1299 182 1356 Ille
205 1307 303 1356 autem
326 1297 477 1372 inpavidus
498 1307 595 1372 partes
616 1307 766 1357 cunctatur
789 1297 818 1355 in
842 1316 953 1370 omnes,

128 1376 273 1434 Dentibus
293 1376 467 1448 infrendens,
491 1387 519 1434 et
535 1387 620 1450 ¹tergo
642 1376 751 1434 decutit
772 1377 886 1435 hastas:
1048 1393 1102 1452 715

128 1455 219 1513 Haud
242 1453 331 1525 aliter,
353 1453 444 1512 iustae
465 1454 569 1530 quibus
593 1464 636 1514 est
661 1455 823 1513 Mezentius
846 1455 914 1525 irae,

128 1534 198 1592 Non
221 1533 272 1590 ulli
296 1544 339 1590 est
361 1533 474 1592 animus
496 1533 594 1592 stricto
615 1552 784 1592 concurrere
806 1535 900 1606 ferro;

128 1610 288 1670 Missilibus
312 1613 398 1686 longe
422 1622 451 1670 et
474 1623 557 1671 vasto
580 1613 705 1669 clamore
729 1613 879 1670 lacessunt.

126 1691 254 1747 Venerat
275 1689 400 1766 antiquis
423 1690 543 1766 Corythi
567 1691 604 1749 de
627 1687 732 1748 finibus
754 1694 861 1762 Acron,

128 1767 230 1826 Graius
251 1769 349 1837 homo,
372 1769 494 1827 infectos
514 1769 648 1844 linquens
667 1770 804 1844 profugus
824 1771 1019 1844 hymenaeos:
1048 1787 1102 1844 720

129 1848 219 1905 Hunc
242 1846 293 1905 ubi
313 1847 483 1906 miscentem
506 1849 591 1922 longe
615 1847 711 1904 media
732 1847 847 1922 agmina
869 1847 951 1919 vidit,

127 1928 307 1999 Purpureum
330 1925 434 2000 pennis
458 1937 487 1985 et
511 1936 612 2000 pactae
635 1925 766 2000 coniugis
787 1937 883 1986 ostro:

127 2006 264 2078 Inpastus
288 2006 401 2063 stabula
424 2006 482 2062 alta
505 2006 551 2062 leo
575 2023 628 2062 ceu
653 2023 740 2079 saepe
763 2023 926 2080 peragrans,

128 2082 249 2158 (Suadet
272 2083 349 2141 enim
370 2102 478 2141 vesana
498 2083 599 2158 fames)
624 2083 648 2140 si
669 2084 742 2142 forte
766 2085 897 2158 fugacem

128 2161 288 2235 Conspexit
308 2179 450 2235 capream,
469 2173 519 2219 aut
539 2173 702 2236 surgentem
720 2161 751 2219 in
769 2180 878 2220 cornua
895 2181 1022 2236 cervum,
1048 2179 1101 2238 725

128 2240 252 2310 Gaudet,
277 2238 360 2297 hians
383 2239 507 2310 inmane,
530 2258 687 2313 comasque
713 2239 824 2310 arrexit,
847 2251 876 2298 et
899 2241 1000 2300 haeret

127 2317 293 2376 Visceribus
318 2336 404 2392 super
426 2317 613 2390 incumbens;
641 2318 709 2376 lavit
732 2319 864 2393 improba
887 2329 979 2376 taeter

128 2397 187 2456 Ora
206 2414 310 2454 cruor:

128 2474 175 2534 Sic
198 2473 254 2533 ruit
276 2476 307 2533 in
329 2476 435 2534 densos
456 2477 552 2534 alacer
575 2475 738 2534 Mezentius
758 2477 864 2534 hostes

128 2552 267 2612 Sternitur
289 2553 387 2612 infelix
409 2557 516 2625 Acron,
540 2563 569 2612 et
592 2553 718 2612 calcibus
740 2565 830 2614 atram
1051 2573 1106 2630 730

127 2631 239 2690 Tundit
259 2632 379 2706 humum
403 2632 558 2706 exspirans,
582 2630 757 2707 infractaque
781 2636 839 2691 tela
862 2643 1001 2692 cruentat.

127 2713 224 2784 Atque
248 2711 325 2769 idem
347 2710 503 2784 fugientem
526 2710 604 2768 haud
626 2720 670 2768 est
690 2711 824 2786 dignatus
847 2713 968 2770 Oroden

128 2789 267 2861 Sternere,
290 2808 346 2846 nec
367 2789 443 2847 iacta
466 2807 585 2846 caecum
607 2789 676 2847 dare
697 2789 818 2864 cuspide
841 2790 964 2848 volnus:

128 2867 241 2926 Obvius
264 2868 443 2940 adversoque
467 2867 597 2938 occurrit,
623 2885 712 2940 seque
735 2866 797 2926 viro
818 2867 860 2924 vir

129 2946 267 3013 Contulit,
290 2945 368 3002 haud
389 2948 464 3003 furto
485 2945 594 3016 melior,
618 2945 670 3003 sed
691 2946 812 3004 fortibus
832 2945 925 3003 armis.
1053 2965 1106 3026 735

128 3022 205 3074 Tum
227 3039 312 3091 super
335 3021 478 3079 abiectum
500 3025 595 3095 posito
619 3025 695 3096 pede
717 3023 800 3082 nixus
822 3034 851 3082 et
873 3026 974 3084 hasta:

130 3095 218 3146 ‘Pars
238 3095 307 3150 belli
331 3097 408 3152 haud
430 3100 595 3170 temnenda,
618 3099 678 3170 viri,
701 3101 776 3160 iacet
799 3104 872 3160 altus
894 3103 1030 3163 Orodes!

130 3167 321 3223 Conclamant
342 3171 414 3226 socii
436 3175 543 3230 laetum
568 3195 679 3248 paeana
703 3179 802 3238 secuti.

131 3241 184 3300 Ille
207 3251 303 3300 autern
325 3245 488 3316 exspirans:
519 3253 608 3312 ‘Non
631 3273 686 3326 me,
713 3258 889 3335 quicumque
911 3277 952 3331 es,
974 3259 1081 3337 inulto,

1203 2013 1206 2024 t

1205 2319 1206 2336 l

1205 2397 1206 2404 r

1205 3339 1206 3352 l
