2494 3702
358 69 595 128 BUCOLICA.
640 70 822 128 ECLHL
1065 71 1100 128 81

103 219 230 280 Addam
250 237 335 279 cerea
355 239 467 296 pruna:
491 218 665 296 Qent
685 220 756 280 huic
776 239 896 297 quoque
912 157 1008 298 ionio
1018 198 1051 295 ;l
1064 184 1075 256 i
1089 175 1109 219 L

104 303 147 359 Et
169 319 232 369 vos,
253 300 374 373 olenti,
398 319 517 376 carpam
539 311 569 359 et
588 311 626 374 te,
649 300 783 375 proxima
802 311 905 378 myrte,

103 380 156 440 Sic
177 378 292 456 positae
312 378 453 455 quoniam
474 399 579 440 suaves
600 379 729 440 miscetis
750 382 866 440 odores.
1067 399 1103 460 55

104 460 250 520 Rusticus
270 479 311 530 es,
333 462 494 542 Corydon:
521 479 578 520 nec
598 480 721 520 munera
741 472 824 520 curat
845 461 953 541 Alexis

105 543 186 613 Nec,
207 541 233 600 si
251 535 422 600 muneribus
442 551 545 614 certes
565 542 711 600 concedat
732 537 902 617 Iollas.[,if-

107 623 185 680 Heu
204 623 283 680 heul
324 620 405 696 Quid
424 620 504 680 volui
526 620 633 681 misero
654 620 749 681 mihi?
790 622 926 682 Floribus
947 634 1082 682 austrum

107 701 249 760 Perditus
268 712 300 760 et
319 699 468 777 liquidis
459 701 570 760 immisi
589 701 721 760 sontibus
741 720 836 777 apros

107 785 211 856 Quem
230 781 314 856 fugis,
336 799 362 852 a,
384 781 531 841 demens?
558 781 728 841 habitarunt
748 781 779 841 di
800 801 921 858 quoque
942 780 1030 842 silvas
1065 787 1104 842 60

108 861 339 937 Dardaniusque
360 862 449 920 Paris.
491 863 589 921 Pallas
610 880 683 936 quas
704 862 840 922 condidit
860 882 942 922 arces

109 944 183 1018 Ipsa
204 944 301 1001 colat:
329 939 416 1000 nobis
436 944 573 1018 placeant
593 953 663 1001 ante
684 941 785 1000 omnia
805 942 904 1002 silvae.

108 1025 210 1082 Torva
229 1023 334 1081 leaena
354 1023 456 1097 lupum
477 1021 616 1112 sequitur,
638 1022 724 1098 lupus
744 1021 808 1098 ipse
828 1024 982 1099 capellam,

110 1104 281 1162 Florentem
301 1101 428 1178 cytisum
448 1102 579 1178 sequitur
599 1103 709 1161 lasciva
730 1103 851 1178 capella,

945 503 1018 563 ΙΙ

1096 583 1107 602 η
1203 589 1207 598 .

1099 604 1158 643 ι,’«,
1202 603 1209 614 0

109 1185 158 1243 Te
176 1183 327 1259 Corydon,
350 1182 495 1242 oAlexi:
521 1181 609 1242 trahit
630 1201 684 1240 sua
703 1201 852 1273 quemque
872 1185 1017 1260 voluptas.
1064 1187 1101 1262 65

109 1262 231 1340 Aspice,
252 1273 347 1321 aratra
366 1261 436 1339 iugo
456 1263 586 1322 refemnt
606 1281 750 1338 suspensa
769 1261 895 1335 iuvenci,

111 1346 151 1402 Et
172 1345 216 1402 sol
237 1353 402 1402 crescentes
422 1344 572 1403 decedens
593 1342 726 1433 duplicat
746 1343 883 1403 umbras:

111 1426 165 1484 Me
186 1434 286 1482 tamen
306 1423 363 1482 urit
383 1441 482 1482 amor:
511 1422 577 1498 quis
602 1422 681 1483 enim
703 1422 810 1483 modus
830 1423 908 1483 adsit
926 1424 1041 1484 amori?

110 1505 185 1564 AC
240 1503 280 1562 do
323 1504 473 1594 quydou,
493 1522 572 1579 quae
592 1514 622 1562 te
643 1503 794 1564 dementia
813 1503 917 1580 cepit?

110 1586 190 1644 Semi
275 1583 367 1642 atibi
385 1583 527 1643 frondosa
545 1582 613 1643 vitis
634 1584 664 1642 in
685 1587 768 1644 ulmo
788 1595 840 1643 est
932 1606 993 1679 ,a
1065 1603 1102 1660 70

111 1664 193 1739 Quin
213 1674 245 1722 tu
265 1663 378 1739 aliquid
398 1665 502 1723 saltem
523 1666 632 1739 potius,
654 1683 780 1740 quorum
801 1643 947 1741 indiget
935 1684 1011 1737 usus,

110 1743 279 1803 Viminibus
301 1743 440 1836 mollique
461 1763 545 1819 paras
567 1745 704 1804 detexere
725 1745 837 1804 iunco?
924 1795 928 1802 .

111 1823 250 1884 Invenies
271 1823 369 1895 alium,
390 1826 415 1883 si
435 1837 465 1884 te
486 1824 533 1884 hic
553 1826 751 1897 fastidit,e
696 1816 917 1940 AQmss³

356 2053 522 2148 mbo-

316 2085 371 2168 mit
315 2098 723 2244 ·“3ᾸΨΙΕΟΙ.ΟΟΑΠ
673 2183 732 2242 ΙΙΙ.

95 2228 295 2312 'pamma-¹¹)

154 2351 158 2363 '
197 2345 248 2381 w*
267 2316 291 2352 ω

290 2411 471 2470 Mattiacas.
516 2412 697 2470 Damouras.
742 2413 924 2470 ΡΑιιιιΜοιι.

151 2621 197 2678 M.
228 2621 290 2679 Dic
310 2617 391 2690 mihi,
414 2620 570 2690 Damoeta,
593 2619 692 2678 cuium
714 2623 828 2696 pecus?
856 2639 892 2679 an
916 2617 1082 2680 Meliboei?

150 2702 192 2759 J).
223 2701 301 2771 Non,
323 2717 424 2760 verum
446 2697 595 2776 Aegonis3
624 2718 720 2775 nuper
739 2699 811 2758 mihi
832 2698 953 2760 tradidit
973 2703 1087 2776 Aegon

150 2782 198 2840 M.
265 2744 332 2840 felix
353 2798 372 2839 o
392 2798 510 2855 semper
529 2799 599 2840 oves
620 2779 765 2856 pecusl'
757 2799 822 2856 1pse
844 2782 990 2842 Neaeram

113 2863 193 2920 Dum
245 2871 295 2920 vet
314 2879 350 2920 ac
370 2878 409 2919 ne
429 2878 477 2918 me
498 2859 554 2919 sibi
575 2861 717 2936 praeferat
737 2859 788 2918 illa
807 2873 931 2933 veretur,

113 2941 174 3000 Hic
193 2938 305 3001 alienus
326 2959 396 2999 oves
416 2951 517 2999 custos
537 2940 583 2999 bis
604 2938 743 3016 mulget'
735 2958 767 2999 m
787 2942 867 3011 hora,
1083 2958 1100 3018 5

114 3021 151 3080 Et
172 3039 258 3080 sucus
278 3019 379 3097 pecori
400 3030 430 3079 et
450 3020 498 3080 lac
520 3019 694 3080 subducitur
714 3019 805 3096 agnis.

151 3103 191 3159 D.
223 3099 342 3160 Parcius
362 3099 419 3160 ista
438 3099 505 3159 viris
527 3111 626 3160 tamen
647 3099 805 3160 obicienda
826 3112 985 3172 memento.

231 3203 248 3236 ξ
369 3205 388 3241 'k
510 3203 527 3238 tt
649 3205 667 3242 ὓ
789 3205 808 3240 ’k

151 3287 196 3344 M.
226 3287 315 3356 Tum,
336 3285 435 3354 cred0,
457 3303 524 3342 cum
545 3303 593 3343 me
613 3286 763 3343 arbustum
785 3284 884 3343 videre
905 3283 1035 3342 Miconis
1073 3303 1109 3342 10

2 3415 12 3424 .
113 3369 210 3441 Atque
231 3366 309 3423 mala
329 3365 403 3424 vites
423 3363 552 3422 incidere
573 3365 648 3420 falce
669 3362 807 3420 novellas.

178 3495 281 3539 sun
995 3477 1013 3533 6
