2462 3678
142 53 198 110 268
394 53 429 112 J'.
465 51 657 110 VERGILI
678 53 889 113 MARONIS

143 183 254 242 Matres
276 189 364 258 atque
386 179 447 253 viri,
469 181 668 256 defunctaque
687 198 811 255 corpora
832 177 893 238 vita

143 261 365 338 Magnanimum
390 263 521 334 heroum,
546 259 629 337 pueri
652 259 853 336 innuptaeque
876 261 1010 335 puellae,

142 338 328 418 Inpositique
351 342 428 418 rogis
451 341 571 402 iuvenes
594 351 663 401 ante
685 360 737 400 ora
758 350 933 416 parentum:

141 423 239 498 Quam
261 423 353 482 multa
373 422 404 482 in
426 421 505 482 silvis
526 423 660 481 autumni
679 420 785 498 frigore
805 419 901 497 primo

141 504 238 579 Lapsa
258 504 370 562 cadunt
391 503 469 576 solia,
489 511 539 562 aut
560 503 600 561 ad
621 512 728 562 terram
752 501 864 578 gurgite
882 501 921 560 ab
943 502 1008 560 alto
1095 520 1154 577 310

145 583 244 657 Quam
265 584 375 643 multae
395 584 592 659 glomerantur
607 602 686 656 aves,
709 582 760 641 ubi
781 580 902 658 frigidus
922 599 1026 640 annus

139 665 234 723 Trans
256 674 379 740 pontum
403 664 484 740 sugat
505 674 535 724 et
557 663 639 723 terris
661 662 782 722 inmittit
803 660 916 738 apricis.

140 744 263 804 Stabant
285 753 400 804 orantes
422 743 508 820 primi
529 743 725 804 transmittere
749 762 875 814 cursum,

139 824 375 901 Tendebantque
396 843 500 884 manus
521 824 602 902 ripae
624 823 767 884 ulterioris
789 842 889 883 amore
898 843 908 897 3

140 904 248 964 Navita
269 907 322 965 sed
344 904 432 964 tristis
450 925 530 964 nune
550 906 605 964 hos
626 924 707 964 nunc
728 903 835 981 accipit
856 904 930 976 illos,
1090 924 1146 980 315

139 988 194 1044 Ast
215 985 287 1046 alios
308 987 396 1062 longe
420 996 582 1045 summotos
603 995 683 1045 arcet
702 986 819 1044 harena.

139 1068 256 1126 Aeneas
277 1065 397 1125 miratus
419 1065 498 1125 enim
520 1076 678 1141 motusque
700 1067 836 1136 tumultu,

141 1145 237 1218 ‘Dic,’
258 1146 307 1218 ait,
331 1152 366 1205 ‘o
388 1145 477 1222 virgo,
501 1145 573 1223 quid
597 1147 659 1205 volt
683 1164 843 1205 concursus
865 1145 904 1204 ad
928 1149 1083 1204 amnem?

141 1226 276 1300 ‘Quidve
298 1237 402 1302 petunt
423 1227 560 1286 animae?
580 1228 625 1286 vel
648 1245 709 1303 quo
729 1224 897 1285 discrimine
919 1224 1001 1301 ripas

141 1309 229 1366 ‘Hae
250 1305 396 1382 linquunt,
417 1306 484 1367 illae
506 1307 593 1366 remis
615 1308 692 1367 vada
712 1305 802 1365 livida
824 1308 977 1366 verrunt?'
1086 1326 1143 1382 3²0

140 1385 205 1446 Olli'
222 1386 264 1446 sic
285 1387 410 1447 breviter
432 1390 491 1447 sata
513 1397 557 1447 est
578 1389 721 1464 longaeva
741 1388 894 1446 sacerdos:

141 1467 287 1526 ‘Anchisa
310 1478 455 1544 generate,
479 1469 568 1528 deum
591 1467 753 1528 certissima
774 1469 879 1544 proles,

141 1547 264 1624 ‘Cocyti
285 1558 388 1624 stagna
409 1550 468 1607 alta
490 1547 573 1609 vides
596 1548 783 1625 ,Stygiamque
805 1549 954 1625 paludem,

140 1628 198 1686 ‘Di
219 1627 304 1686 cuius
326 1628 418 1689 iurare
442 1627 548 1689 timent
570 1640 599 1690 et
621 1631 720 1689 fallere
742 1648 860 1689 numen.

141 1709 243 1767 ‘Haec
252 1707 356 1782 omnis,
366 1729 455 1785 quam
465 1709 568 1784 cernis,
580 1709 667 1786 inops
676 1709 884 1786 inhumataque
894 1710 980 1769 turha
991 1720 1037 1769 est
1042 1730 1054 1784 ;
1082 1729 1117 1786 3²
1121 1726 1135 1785 5

140 1788 288 1848 ‘Portitor
309 1788 357 1849 ille
380 1791 517 1863 Charon3
541 1791 580 1862 hi,
604 1809 679 1867 quos
701 1790 781 1850 vehit
802 1791 891 1862 unda,
913 1789 1031 1866 sepulti

140 1869 186 1926 ‘N
188 1887 223 1928 ec
246 1869 323 1945 ripas
345 1871 432 1930 datur
451 1872 612 1930 horrendas
633 1881 663 1930 et
683 1890 772 1930 rauca
793 1871 903 1930 fluenta

140 1951 369 2026 ‘Transportare
389 1950 478 2028 prius,
502 1970 591 2027 quam
612 1950 732 2011 sedibus
753 1970 822 2010 ossa
843 1949 987 2027 quierunt.

140 2030 285 2089 ‘Centum
306 2041 401 2090 errant
425 2050 519 2090 annos
540 2030 722 2109 volitantque
742 2032 817 2091 haec
838 2030 923 2089 litora
945 2029 1059 2089 circum
1070 2051 1078 2103 ;

139 2111 235 2168 ‘Tum
256 2110 377 2170 demum
400 2110 521 2171 admissi
543 2123 646 2189 stagna
666 2122 803 2187 exoptata
825 2109 971 2170 revisunt’
1075 2130 1129 2186 330

138 2190 279 2250 Constitit
300 2190 431 2251 Anchisa
453 2202 532 2251 satus
555 2203 585 2253 et
606 2191 728 2268 vestigia
748 2191 861 2267 pressit,

139 2271 235 2329 Multa
257 2281 373 2347 putans,
396 2282 564 2348 sortemque
585 2271 676 2331 animi
696 2271 848 2331 miseratus
870 2268 1010 2346 iniquam.

139 2350 241 2410 Cernit
264 2350 306 2410 ibi
324 2362 452 2412 maestos
476 2362 506 2412 et
528 2351 630 2412 mortis
652 2353 765 2412 honore
787 2361 919 2410 carentes

138 2430 314 2508 Leucaspim
338 2443 368 2492 et
391 2431 498 2509 Lyciae
520 2433 673 2493 ductorem
697 2431 797 2492 classis
819 2433 960 2501 Oronten,

138 2511 221 2584 Quos
240 2511 327 2570 simul
348 2533 366 2572 a
387 2512 478 2572 Troia
498 2523 621 2573 ventosa
641 2532 693 2589 per
716 2531 845 2588 aequora
865 2523 967 2572 vectos
1072 2527 1123 2587 335

138 2591 245 2652 Obruit
267 2595 383 2666 Auster,
409 2612 487 2669 aqua
510 2593 664 2653 involvens
685 2611 850 2667 navemque
868 2592 1013 2667 virosque.

179 2673 257 2732 Ecce
281 2675 458 2749 gubernator
479 2692 543 2733 sese
566 2672 719 2732 Palinurus
742 2673 856 2750 agebat,

137 2751 197 2827 Qui
220 2751 333 2830 Libyco
356 2772 449 2829 nuper
470 2773 564 2826 cursu,
588 2754 661 2812 dum
683 2754 780 2813 sidera
802 2761 905 2826 servat,

138 2830 295 2892 Exciderat
318 2834 412 2910 puppi
434 2833 539 2894 mediis
563 2834 672 2893 effusus
692 2832 723 2892 in
746 2833 841 2892 undis.

138 2915 231 2971 Hunc
253 2912 304 2973 ubi
325 2913 375 2972 vix
396 2917 490 2972 multa
509 2923 656 2973 maestum
674 2913 814 2989 cognovit
836 2912 867 2973 in
889 2911 1002 2984 umbra,
1069 2929 1120 2986 340

136 2992 185 3052 Sic
205 2993 283 3068 pn'or
304 2995 488 3069 adloquitur:
512 2993 604 3068 ‘Quis
626 3002 664 3066 te,
690 2992 834 3068 Palinure,
857 2995 979 3053 deorum

139 3071 269 3143 ‘Eripuit
291 3071 384 3141 nobis,
407 3071 566 3146 medioque
590 3074 645 3130 sub
667 3092 795 3148 aequore
816 3073 936 3133 mersit?

138 3149 213 3204 ‘Dic
235 3165 297 3219 age.
340 3149 479 3221 Namque
500 3149 581 3222 mihi,
603 3152 691 3209 fallax
715 3154 795 3212 haud
818 3162 886 3212 ante
908 3162 1046 3228 repertus,

138 3225 227 3280 ‘Hoc
247 3239 308 3278 uno
329 3241 471 3296 responso
493 3227 624 3286 animum
647 3230 756 3290 delusit
777 3233 896 3306 Ap0110,

137 3298 215 3371 ‘Qui
236 3298 298 3356 fore
322 3308 352 3356 te
371 3310 465 3372 ponto
487 3300 666 3365 incolumem
690 3309 825 3385 finesque
847 3312 972 3370 canebat
1066 3328 1115 3388 345
1198 3363 1199 3377 2
