2494 3702
157 83 213 140 134
417 61 453 122 P.
478 63 669 124 VERGILI
684 64 895 124 MARONIS

157 209 307 270 laudibus
327 217 357 270 et
377 208 498 284 plausae
519 208 648 270 sonitum
669 209 790 271 cervicis
811 231 917 273 amare.

156 293 255 366 Atque
275 290 350 350 haec
370 288 429 348 iam
450 287 546 365 primo
566 292 706 368 depulsus
728 292 766 350 ab
786 294 877 352 ubere
896 291 997 352 matris

157 370 300 442 Gaudeat,
322 368 414 446 inque
433 369 529 428 vicem
550 372 601 430 det
621 371 760 430 mollibus
780 389 832 430 ora
851 370 985 447 capistris

157 449 309 510 Invalidus
329 449 478 525 etiamque
497 460 634 524 tremens,
658 449 746 510 etiam
766 449 875 510 inscius
895 451 967 511 aevi.

157 533 198 590 At
217 529 309 589 tribus
330 528 437 590 exactis
458 530 510 589 ubi
530 541 634 606 quarta
653 529 807 590 accesserit
828 541 931 604 aestas,
1098 553 1158 608 190

157 613 285 686 Carpere
305 628 375 669 mox
394 628 496 686 gyrum
517 609 638 686 incipiat
657 609 855 686 gradibusque
876 629 979 670 sonare

158 687 339 767 Compositis
361 688 518 766 sinuetque
539 691 652 750 alterna
675 690 826 751 volumina
849 709 973 764 crurum,

158 771 260 846 Sitque
280 769 425 829 laboranti
446 769 568 844 similis3
589 780 653 830 tum
674 769 808 830 cursibus
828 790 919 843 auraS,

157 852 236 910 Tum
255 860 351 922 vocet,
373 869 408 909 ac
429 869 481 926 per
501 860 603 928 aperta
622 852 726 911 volans
745 869 801 910 ceu
821 850 1038 913 liber'habenis

156 932 295 1006 Aequora
313 929 363 989 vix
383 949 499 989 summa
517 929 638 1007 vestigia
658 941 751 1006 ponat
771 932 897 1006 harena;
1098 953 1152 1010 195

158 1011 261 1085 Qualis
283 1009 485 1086 Hyperboreis
505 1010 616 1086 Aquilo
640 1030 710 1069 cum
732 1013 841 1070 densus
861 1012 898 1070 ab
918 1014 977 1073 oris

159 1090 307 1164 Incubuit,
329 1091 523 1168 Scythiaeque
544 1090 656 1150 hiemes
675 1101 765 1167 atque
785 1090 866 1151 arida
886 1091 982 1152 differt

158 1170 288 1231 Nubila:
310 1181 373 1230 tum
393 1182 507 1249 segetes
527 1172 603 1231 altae
624 1171 781 1248 campique
801 1182 938 1232 natantes

159 1251 289 1311 Lenibus
309 1251 480 1312 horrescunt
500 1250 608 1325 flabris,
630 1271 821 1328 summaeque
841 1271 978 1312 sonorem

159 1333 241 1392 Dant
261 1330 361 1404 silvae,
382 1331 521 1408 longique
541 1343 666 1408 urguent
686 1334 725 1392 ad
744 1334 830 1392 litora
850 1334 954 1392 fluctus
965 1355 974 1407 ;
1098 1355 1155 1392 200

160 1413 215 1472 Ille
233 1412 315 1470 volat
335 1411 422 1470 simul
442 1431 510 1471 arva
531 1413 607 1489 suga,
630 1411 717 1471 simul
738 1432 866 1489 aequora
886 1432 1012 1472 verrens·

160 1491 243 1552 Hinc
262 1492 310 1552 vel
330 1493 369 1551 ad
391 1492 456 1551 Elei
475 1503 569 1550 metas
590 1503 620 1552 et
640 1491 768 1552 maxima
787 1492 886 1569 campi

159 1573 284 1633 Sudabit
304 1572 398 1648 spatia
418 1582 448 1633 et
468 1591 587 1648 spumas
608 1583 675 1648 aget
695 1591 746 1632 ore
766 1585 910 1646 cruentas,

160 1652 279 1730 Belgica
298 1654 345 1712 vel
365 1651 449 1712 molli
469 1652 576 1712 melius
596 1653 669 1712 seret
689 1655 795 1714 esseda
814 1656 901 1714 collo.

159 1736 238 1794 Tum
258 1735 379 1794 demum
400 1752 497 1792 crassa
517 1752 657 1810 magnum
677 1733 819 1810 farragine
840 1753 947 1810 corpus
1094 1751 1153 1810 ²05

160 1816 299 1876 Crescere
319 1814 379 1873 iam
399 1812 520 1874 domitis
540 1813 646 1874 sinito:
667 1833 797 1890 namque
818 1825 887 1873 ante
907 1815 1095 1874 domandum

160 1898 300 1971 Ingentes
320 1895 426 1955 tollent
445 1892 561 1953 animos
582 1893 741 1971 prensique
763 1896 912 1970 negabunt

158 1975 289 2034 Verbera
309 1977 389 2034 lenta
408 1973 470 2050 pati
492 1984 522 2033 et
543 1975 623 2034 duris
643 1993 746 2050 parere
767 1974 883 2050 lupatis.

199 2057 260 2115 Sed
279 2075 339 2116 non
360 2056 420 2114 ulla
440 2053 532 2131 magis
553 2054 628 2113 vires
648 2055 792 2115 industria
812 2057 916 2128 firmat,

160 2136 259 2209 Quam
282 2138 428 2195 Venerem
450 2145 480 2193 et
500 2135 582 2194 caeci
603 2135 737 2194 stimulos
757 2146 886 2194 avertere
907 2133 1022 2209 amoris,
1097 2156 1155 2193 210

160 2217 226 2275 Sive
248 2218 339 2275 boum
360 2215 421 2274 sive
442 2224 487 2274 est
507 2216 555 2274 cui
576 2214 685 2290 gratior
704 2234 774 2274 usus
795 2235 946 2291 equorum.

159 2299 257 2372 Atque
278 2296 347 2356 ideo
368 2306 467 2354 tauros
486 2296 591 2371 procul
611 2307 701 2370 atque
720 2295 753 2354 in
774 2297 837 2354 sola
857 2298 988 2372 relegant

161 2377 275 2435 Pascua
295 2385 364 2452 post
384 2387 517 2435 montem
539 2375 708 2452 oppositum
730 2387 760 2434 et
781 2386 860 2434 trans
881 2376 1002 2435 flumina
1022 2377 1093 2447 lata,

160 2457 222 2513 Aut
242 2455 321 2514 intus
341 2456 456 2514 clausos
478 2465 575 2514 satura
595 2456 635 2514 ad
656 2455 808 2531 praesepia
828 2465 951 2514 servant.

161 2534 265 2610 Carpit
285 2534 364 2595 enim
383 2534 459 2594 vires
480 2535 623 2610 paulatim
644 2535 759 2610 uritque
780 2535 910 2596 videndo
1095 2551 1151 2610 215

160 2614 292 2687 Femina,
313 2635 369 2675 nec
389 2613 543 2674 nemorum
564 2615 673 2691 patitur
691 2614 861 2674 meminisse
881 2635 937 2675 nec
956 2615 1065 2674 herbae

162 2692 320 2770 (Dulcibus
340 2696 390 2754 illa
410 2694 532 2770 quidem
553 2694 730 2773 inlecebris),
751 2707 781 2754 et
802 2714 892 2770 saepe
912 2695 1055 2772 superbos

160 2773 309 2834 Cornibus
329 2774 405 2836 inter
425 2794 457 2834 se
478 2775 586 2850 subigit
606 2775 764 2834 decernere
784 2787 924 2835 amantes

161 2853 295 2913 Pascitur
314 2853 345 2913 in
366 2873 473 2930 magna
494 2855 552 2914 Sila
572 2856 702 2914 formosa
722 2854 864 2912 iuvenca:

161 2933 209 2991 Illi
229 2935 406 2994 alternantes
427 2933 569 2993 multari
589 2933 702 3009 proelia
722 2935 846 2994 miscent
1096 2952 1153 2990 220
1226 2969 1227 2974 κ

161 3013 339 3072 Volneribus
359 3014 467 3072 crebris
476 3037 485 3087 3
506 3014 577 3073 lavit
597 3024 660 3072 ater
680 3032 804 3088 corpora
824 3012 951 3089 sanguis,

160 3094 312 3165 Versaque
332 3091 363 3148 in
383 3090 509 3150 obnixos
529 3102 690 3165 urguentur
709 3111 820 3151 cornua
839 3103 923 3150 vasto

86 3236 90 3245 Ι
162 3170 240 3227 Cum
260 3167 390 3242 gemitu;
410 3168 534 3226 reboant
555 3168 704 3243 silvaeque
725 3181 754 3229 et
774 3172 880 3244 longus
902 3172 1055 3246 Olympus.

163 3248 230 3304 Nec
248 3263 314 3303 mos
334 3245 478 3303 bellantes
499 3263 560 3302 una
579 3248 733 3318 stabulare,
754 3248 808 3306 sed
828 3250 900 3307 alter

162 3324 267 3382 Victus
287 3321 347 3381 abit
367 3324 513 3400 longeque
532 3321 640 3399 ignotis
660 3325 772 3384 exsulat
793 3326 859 3398 oris,
1095 3349 1149 3411 225
