2462 3678
134 83 192 156 316
386 81 422 139 a
457 81 647 140 vancrrr
668 79 879 137 MARONJS

132 207 292 286 Congressi
308 207 432 284 iungunt
450 208 576 280 dextras,
596 205 762 282 mediisque
780 205 915 266 residunt

132 289 274 361 Aedibus,
293 299 324 348 et
342 288 423 348 licito
442 289 564 347 tandem
586 305 722 346 sermone
737 288 880 346 fruuntur.

134 371 200 429 Rex
220 368 299 446 prior
319 369 411 429 haec:

133 449 285 508 ‘Maxime
306 450 490 508 Teucrorum
506 448 619 520 ductor,
642 466 704 522 quo
721 446 830 522 sospite
847 465 1020 521 numquam
1078 463 1134 517 470

133 531 214 588 ‘Res
232 527 371 605 equidem
389 527 498 587 Troiae
516 527 607 586 victas
626 537 677 585 aut
697 545 788 603 regna
805 527 927 597 fatebor,

133 609 246 668 ‘Nobis
269 610 309 667 ad
325 607 394 668 belli
418 607 557 666 auxilium
582 627 635 683 pro
659 607 781 666 nomine
802 617 887 666 tanto

132 688 279 766 ‘Exiguae
302 687 391 748 vires:
412 688 482 746 hinc
498 689 599 746 Tusco
621 686 786 745 claudimur
806 685 895 758 amni,

132 767 232 827 ‘Hinc
254 770 382 827 Rutulus
402 767 517 844 premit,
539 778 569 826 et
590 786 706 825 murum
727 765 925 824 circumsonat
946 765 1048 824 armis

131 849 207 908 ‘Sed
227 847 280 908 tibi
300 868 357 925 ego
379 848 513 923 ingentes
533 847 660 923 populos
681 848 878 922 opulentaque
899 845 999 922 regnis
1074 862 1130 918 475

132 929 276 1004 ‘Iungere
300 939 394 987 eastra
412 947 493 1005 paro,
518 947 606 1003 quam
625 928 684 986 lors
703 925 824 1002 inopina
846 927 974 984 salutern
1051 975 1054 978 .

131 1009 295 1068 ‘Ostentat
339 1008 418 1067 Fatis
437 1009 495 1066 huc
516 1019 545 1067 te
566 1005 758 1082 poscentibus
779 1007 871 1066 affers.

131 1088 244 1148 ‘Haud
263 1090 365 1164 procul
382 1087 452 1146 hinc
475 1106 545 1146 saxo
569 1085 706 1145 incolitur
724 1087 846 1144 fundata
867 1097 986 1144 vetusto

131 1167 238 1240 ‘Urbis
256 1168 410 1244 Agyllinae
432 1169 526 1239 sedes,
549 1167 601 1226 ubi
618 1166 712 1242 Lydia
732 1167 883 1241 quondarn

130 1249 229 1306 ‘Gens
246 1248 325 1307 bello
346 1248 495 1323 praeclara
514 1246 589 1322 iugis
607 1245 715 1305 insedit
735 1245 873 1304 Etruscis.
1070 1249 1128 1319 480

130 1328 237 1386 ‘Hanc
258 1329 366 1386 multos
387 1329 540 1386 florentem
559 1346 654 1385 annos
672 1345 723 1385 rex
742 1325 849 1385 deinde
868 1326 998 1400 superbo

130 1407 279 1483 ‘Imperio
298 1418 328 1466 et
346 1407 440 1466 saevis
460 1407 554 1466 tenuit
576 1406 745 1466 Mezentius
764 1405 859 1464 armis.

129 1487 230 1561 ‘Quid
249 1506 412 1547 memorem
434 1485 570 1546 infandas
588 1488 703 1559 caedes,
723 1485 794 1562 quid
812 1488 889 1544 lacta
904 1485 1023 1562 tyranni

129 1569 265 1626 ‘Efferal
308 1567 348 1626 Di
365 1567 454 1643 capiti
471 1566 561 1643 ipsius
580 1565 738 1644 generique
755 1569 922 1625 reservent!

128 1650 266 1707 ‘Mortua
284 1647 356 1724 quin
377 1647 467 1707 etiam
488 1647 628 1724 iungebat
649 1666 770 1722 corpora
787 1645 867 1718 vivis,
1068 1648 1123 1720 485

129 1729 342 1804 ‘Componens
359 1728 555 1804 manibusque
573 1746 679 1786 manus
699 1737 789 1802 atque
806 1726 905 1785 oribus
927 1743 989 1798 ora,
1207 1743 1208 1746 ’

129 1807 299 1868 ‘Tormenti
316 1827 418 1884 genus,
438 1818 468 1867 et
485 1807 566 1867 sanie
584 1810 714 1882 taboque
733 1808 858 1866 fluentes

127 1889 311 1963 ‘Complexu
332 1887 362 1946 in
379 1887 486 1948 misero
503 1889 593 1963 longa
614 1887 656 1946 sic
674 1898 769 1946 morte
792 1887 925 1947 necabat.

128 1969 187 2026 ‘At
205 1967 274 2028 sessi
293 1969 413 2028 tandem
432 1968 511 2027 cives
531 1967 653 2027 infanda
670 1969 815 2026 furentem

128 2047 258 2107 ‘Annati
276 2047 493 2107 circumsistunt
514 2047 670 2123 ipsumque
691 2048 884 2122 domumque,
1065 2067 1120 2122 490
1207 2091 1208 2098 ,

127 2128 328 2188 ‘Obtruncant
345 2128 450 2199 socios,
468 2127 567 2205 ignem
586 2128 630 2186 ad·
647 2126 761 2203 fastigia
780 2127 897 2186 iactant.

127 2209 201 2268 ‘Ille
219 2208 294 2267 inter
312 2209 435 2267 caedem
456 2209 637 2267 Rutulorum
657 2208 773 2282 elapsus
785 2206 824 2266 'in
840 2226 926 2282 agros

126 2288 319 2365 ‘Confugere‚
343 2298 373 2347 et
393 2287 488 2346 Turni
509 2288 661 2346 defendier
680 2286 804 2363 hospitis
822 2286 917 2346 armis.

126 2369 222 2444 ‘Ergo
242 2367 339 2427 omnis
360 2368 440 2426 furiis
460 2367 582 2426 surrexit
604 2367 719 2427 Etruria
739 2367 839 2440 iustis;

127 2450 259 2523 ‘Regem
279 2449 319 2507 ad
338 2447 516 2524 supplicium
536 2447 683 2522 praesenti
704 2449 801 2506 Marte
821 2457 987 2522 reposcunt.
1062 2464 1117 2523 495

126 2527 202 2587 ‘His
224 2547 279 2605 ego
301 2539 339 2600 te,
359 2530 471 2600 Aenea,
494 2529 648 2587 ductorem
669 2527 798 2586 millibus
819 2528 935 2586 addam.

126 2609 222 2668 ‘Toto
243 2627 372 2684 namque
393 2610 520 2667 fremunt
540 2609 709 2667 condensae
729 2607 815 2668 litore
834 2626 957 2684 puppes,

126 2687 293 2766 ‘Signaque
313 2691 387 2747 ferre
406 2687 529 2762 iubent3
548 2687 654 2747 retinet
674 2690 833 2764 longaevus
854 2689 999 2766 haruspex

126 2770 218 2829 ‘Fata
238 2789 361 2828 canens:
384 2770 440 2830 “O
457 2768 616 2827 Maeoniae
637 2769 752 2828 delecta
772 2767 917 2841 iuventus,

125 2850 212 2908 ‘Flos
232 2861 363 2910 veterum
384 2847 533 2925 virtusque
553 2848 656 2919 virum,
672 2867 747 2924 quos
767 2847 860 2907 iustus
880 2846 911 2906 in
932 2848 1049 2907 hostem
1061 2865 1115 2924 500

125 2931 210 2988 ‘Fert
231 2931 325 3002 dolor,
347 2939 378 2988 et
397 2928 501 2988 merita
521 2927 657 2987 accendit
679 2927 846 2988 Mezentius
866 2927 915 3000 ira,

125 3008 225 3066 ‘Nulli
244 3011 288 3068 fas
309 3010 388 3069 Italo
408 3019 521 3068 tantam
541 3007 717 3084 subiungere
735 3019 869 3083 gentem:

125 3089 285 3148 ‘Externos
305 3099 405 3164 optate
426 3089 543 3147 duces.’'
583 3089 664 3146 Tum
685 3090 810 3147 Etrusca
828 3085 938 3148 resedit

126 3169 216 3228 ‘Hoc
235 3167 313 3227 acies
333 3187 449 3243 campo,
471 3166 591 3226 monitis
612 3167 747 3227 exterrita
767 3168 876 3227 divom.
921 3229 923 3232 ,

124 3249 211 3320 ‘lpse
232 3258 362 3305 oratores
382 3248 421 3302 ad
442 3264 491 3303 me
511 3247 653 3320 regnique
673 3266 814 3305 coronam
1059 3264 1110 3325 505
1207 3251 1208 3274 ³

123 3327 221 3383 ‘Cum
243 3334 359 3396 sceptro
380 3321 460 3378 misit
480 3325 662 3398 mandatque
681 3324 807 3401 insignia
827 3326 975 3396 Tarchon,
