2462 3678
149 61 206 118 288
396 59 431 118 I’.
470 57 661 117 VERGILI
681 59 894 118 MARONIS

149 179 188 238 Et
208 177 312 238 cristae
332 177 471 254 capitum,
493 191 523 239 et
543 191 693 256 portarum
714 180 846 257 ingentia
865 182 1007 254 claustra,
1105 185 1157 258 183

148 257 326 335 Spiculaque
346 259 493 336 clipeique
514 272 675 337 ereptaque
695 273 789 321 rostra
808 259 922 322 carinis.

149 340 220 416 Ipse
241 338 386 414 Quirinali
406 341 478 400 lituo
499 360 648 417 parvaque
668 343 792 402 sedebat

148 419 320 480 Succinctus
342 421 449 493 trabea,
472 422 613 498 laevaque
633 422 730 482 ancile
749 423 869 499 gerebat

149 498 245 572 Picus
267 520 376 577 equum
397 501 542 564 domitor:
564 522 652 578 quem
673 513 761 579 capta
780 502 922 594 cupidine
943 504 1088 563 coniunx

148 582 247 640 Aurea
266 600 437 658 percussum
457 582 539 659 virga
558 601 733 674 yersumque
754 584 875 642 venenis
1107 604 1159 658 190

151 659 234 720 Fecit
254 680 339 721 avem
361 661 456 736 Circe,
478 662 642 739 sparsitque
663 662 811 723 coloribus
830 666 900 723 alas

148 739 215 800 Tali
235 741 313 801 intus
334 744 446 818 templo
466 743 566 803 divom
587 743 739 820 patriaque
762 743 883 804 Latinus

148 821 226 881 Sede
246 823 353 882 sedens
373 825 504 884 Teucros
525 825 564 883 ad
585 843 649 883 sese
669 823 700 882 in
720 834 801 884 tecta
819 823 936 884 vocavit
946 846 955 898 ;

150 904 248 978 Atque
268 904 343 963 haec
362 902 499 980 ingressis
520 903 639 981 placido
660 903 739 980 prior
759 904 853 965 edidit
874 924 944 966 ore:

151 981 274 1055 ‘Dicite,
295 984 493 1057 Dardanidae,
514 985 624 1064 (neque
642 984 721 1043 enim
738 984 885 1045 nescimus
903 995 935 1045 et
951 987 1074 1058 urbem,
1103 1005 1154 1062 195

151 1065 206 1122 ‘Et
226 1082 327 1140 gemin,
349 1063 500 1139 auditique
521 1064 671 1125 advertitis
693 1083 821 1140 aequore
842 1067 987 1145 cursum)

151 1143 251 1218 ‘Quid
269 1144 390 1220 petitis?
410 1165 486 1221 quae
507 1164 595 1204 causa
615 1156 691 1204 rates
712 1156 762 1205 aut
782 1145 863 1204 cuius
885 1157 1011 1222 egentes

152 1224 251 1284 ‘Litus
272 1225 312 1284 ad
331 1225 497 1285 Ausonium
517 1236 563 1285 tot
584 1245 636 1302 per
655 1226 732 1284 vada
752 1228 868 1286 caerula
887 1225 992 1286 vexit?

151 1304 235 1364 ‘Sive
256 1324 352 1366 errore
372 1305 438 1365 viae
458 1325 511 1366 seu
532 1305 757 1382 tempestatibus
779 1307 837 1365 acti

151 1383 287 1462 ‘(Qualia
306 1387 398 1445 multa
418 1386 491 1445 mari
512 1397 619 1446 nautae
638 1385 788 1462 patiuntur
807 1386 838 1444 in
858 1384 933 1466 alto)
1099 1407 1152 1446 200

150 1465 309 1525 ‘Fluminis
330 1465 457 1526 intrastis
477 1466 564 1544 ripas,
586 1478 732 1544 portuque
752 1466 878 1527 sedetis:

151 1548 215 1605 ‘Ne
235 1546 325 1623 sugite
345 1546 513 1624 hospitium,
535 1566 611 1608 neve
628 1547 762 1623 ignorate
782 1547 904 1607 Latinos

151 1625 282 1686 ‘Saturni
301 1638 428 1703 gentem,
450 1629 531 1688 haud
551 1626 650 1687 vinclo
670 1646 727 1687 nec
746 1627 858 1705 legibus
878 1645 1017 1703 aequam,

152 1708 279 1783 ‘Sponte
300 1727 353 1767 sua
372 1707 536 1785 veterisque
556 1709 606 1769 dei
626 1729 658 1768 se
679 1728 761 1769 more
782 1720 940 1769 tenentem.

151 1789 266 1862 ‘Atque
286 1788 424 1863 equidem
445 1787 567 1848 memini
588 1788 679 1870 (fama
699 1800 745 1849 est
765 1789 915 1850 obscurior
934 1787 1037 1867 annis)
1092 1808 1145 1866 ²⁰5
1210 1777 1211 1804 ¹

151 1871 321 1928 ‘Auruncos
341 1869 382 1928 ita
401 1870 475 1929 serre
496 1889 590 1941 senes,
612 1869 657 1929 his
678 1882 758 1930 ortus
779 1881 813 1930 ut
834 1868 909 1945 agris

151 1950 324 2009 ‘Dardanus
345 1951 452 2010 Idaeas
474 1949 617 2027 Phrygiae
636 1950 797 2027 penetrarit
816 1952 856 2010 ad
876 1949 971 2021 urbes,

150 2029 392 2110 “Threiciamque
411 2033 541 2104 Samum,
563 2049 640 2106 quae
659 2050 739 2089 nunc
758 2028 960 2090 Samothracia
980 2031 1079 2088 fertur.

151 2103 250 2168 ‘Hinc
270 2110 352 2169 illum
374 2110 495 2187 Corythi
515 2112 667 2188 Tyrrhena
686 2112 724 2171 ab
746 2113 816 2171 sede
838 2110 1003 2187 profectum

151 2192 264 2250 ‘Aurea
284 2211 364 2251 nunc
384 2191 459 2251 solio
480 2192 622 2252 stellantis
641 2190 721 2269 regia
741 2191 814 2251 caeli
1087 2211 1141 2250 210

150 2270 293 2348 ‘Accipit
314 2282 344 2332 et
364 2291 520 2331 numerum
541 2272 675 2332 divomm
695 2272 833 2331 altaribus
854 2269 959 2347 auget’

188 2350 326 2427 Dixerat;
347 2363 376 2413 et
397 2351 478 2411 dicta
499 2353 629 2412 Ilioneus
649 2351 692 2412 sic
711 2371 785 2412 voce
806 2362 940 2411 secutus:

151 2435 242 2507 ‘Rex,
263 2451 356 2510 genus
376 2433 523 2509 egregium
546 2432 648 2505 Fauni,
670 2451 726 2491 nec
746 2432 882 2492 fluctibus
902 2441 986 2490 actos

151 2515 239 2573 ‘Atra
259 2512 375 2590 subegit
395 2513 510 2590 hiemps
531 2511 633 2573 vestris
653 2514 811 2572 succedere
829 2510 919 2584 terris,

148 2597 233 2654 ‘Nec
253 2593 332 2652 sidus
352 2593 473 2669 regione
494 2593 558 2654 viae
579 2593 683 2654 litusve
703 2592 823 2653 fefellit:
1081 2613 1133 2670 ²¹5

150 2673 300 2735 ‘Consilio
320 2674 398 2733 hanc
419 2694 522 2734 omnes
543 2673 707 2750 animisque
727 2672 895 2733 volentibus
915 2674 1021 2731 urbem
1207 2721 1208 2724 η

150 2753 339 2826 ‘Adferimun
362 2754 439 2832 pulsi
458 2753 563 2830 regnis,
585 2773 666 2830 quae
682 2753 811 2813 maxima
830 2754 983 2828 quondam
1207 2767 1208 2853 y

149 2837 308 2895 ‘Extremo
327 2835 449 2895 veniens
471 2835 521 2894 Sol
542 2833 725 2910 adspiciebat
746 2835 884 2910 Olympo.

149 2917 214 2975 ‘Ab
236 2917 309 2975 Iove
329 2913 503 2992 principium
524 2913 656 2992 generis;
677 2917 750 2974 Iove
771 2914 913 2973 Dardana
933 2915 1027 2991 pubes

149 2996 284 3055 ‘Gaudet
303 3014 378 3070 avo;
397 3015 448 3056 rex
467 2993 531 3071 ipse
553 2994 632 3054 Iovis
653 2995 691 3054 de
712 3004 800 3070 gente
821 3013 959 3069 suprema
1078 3016 1129 3056 220

148 3074 270 3134 ‘Troius
289 3076 407 3136 Aeneas
428 3085 479 3134 tua
499 3093 554 3134 nos
575 3075 614 3135 ad
634 3073 735 3133 limina
755 3073 841 3133 misit

148 3157 285 3229 ‘Quanta
305 3174 358 3231 per
379 3157 488 3215 Idaeos
509 3155 602 3215 saevis
623 3156 714 3214 effusa
736 3153 871 3231 Mycenis

147 3237 340 3309 ‘Tempestas
360 3233 424 3292 ierit
445 3253 577 3308 campos,
599 3234 704 3309 quibus
725 3246 808 3293 actus
828 3245 952 3310 uterque

43 3355 46 3361 -
147 3315 302 3386 ‘Europae
322 3322 411 3386 atque
431 3311 519 3369 Asiae
540 3313 606 3370 fatis
626 3313 805 3373 concurrerit
825 3314 914 3386 orbis,
