<?xml version="1.0" encoding="UTF-8"?>
<!DOCTYPE html PUBLIC "-//W3C//DTD XHTML 1.0 Transitional//EN"
    "http://www.w3.org/TR/xhtml1/DTD/xhtml1-transitional.dtd">
<html xmlns="http://www.w3.org/1999/xhtml" xml:lang="en" lang="en">
 <head>
  <title>
</title>
<meta http-equiv="Content-Type" content="text/html;charset=utf-8" />
  <meta name='ocr-system' content='tesseract 3.04.00' />
  <meta name='ocr-capabilities' content='ocr_page ocr_carea ocr_par ocr_line ocrx_word'/>
</head>
<body>
  <div class='ocr_page' id='page_1' title='image "./pvergilimaronis13virggoog/pvergilimaronis13virggoog_0178.png"; bbox 0 0 2460 3686; ppageno 0'>
   <div class='ocr_carea' id='block_1_1' title="bbox 412 89 1112 164">
    <p class='ocr_par' dir='ltr' id='par_1_1' title="bbox 412 89 1112 164">
     <span class='ocr_line' id='line_1_1' title="bbox 412 89 1112 164; baseline 0.001 -17"><span class='ocrx_word' id='word_1_1' title='bbox 412 89 650 149; x_wconf 84' lang='lat' dir='ltr'><em>AENEIDOS</em></span> <span class='ocrx_word' id='word_1_2' title='bbox 672 89 758 148; x_wconf 88' lang='lat' dir='ltr'><em>LIB.</em></span> <span class='ocrx_word' id='word_1_3' title='bbox 787 90 814 148; x_wconf 91' lang='lat' dir='ltr'>I.</span> <span class='ocrx_word' id='word_1_4' title='bbox 1057 91 1112 164; x_wconf 83' lang='lat'>169</span> 
     </span>
    </p>
   </div>
   <div class='ocr_carea' id='block_1_2' title="bbox 98 211 1116 3416">
    <p class='ocr_par' dir='ltr' id='par_1_2' title="bbox 98 211 1116 3416">
     <span class='ocr_line' id='line_1_2' title="bbox 101 211 942 290; baseline -0.002 -15"><span class='ocrx_word' id='word_1_5' title='bbox 101 213 187 275; x_wconf 90' lang='lat' dir='ltr'>‘Bis</span> <span class='ocrx_word' id='word_1_6' title='bbox 207 214 293 275; x_wconf 90' lang='lat' dir='ltr'>dems</span> <span class='ocrx_word' id='word_1_7' title='bbox 314 211 475 290; x_wconf 88' lang='lat' dir='ltr'>Phrygium</span> <span class='ocrx_word' id='word_1_8' title='bbox 496 213 658 274; x_wconf 89' lang='lat' dir='ltr'><strong>conscendi</strong></span> <span class='ocrx_word' id='word_1_9' title='bbox 677 213 803 273; x_wconf 88' lang='lat' dir='ltr'>navibus</span> <span class='ocrx_word' id='word_1_10' title='bbox 823 233 942 290; x_wconf 91' lang='lat' dir='ltr'>aequor,</span> 
     </span>
     <span class='ocr_line' id='line_1_3' title="bbox 103 294 951 368; baseline -0.001 -13"><span class='ocrx_word' id='word_1_11' title='bbox 103 297 231 355; x_wconf 88' lang='lat' dir='ltr'>‘Matre</span> <span class='ocrx_word' id='word_1_12' title='bbox 252 295 310 354; x_wconf 90' lang='lat' dir='ltr'>dea</span> <span class='ocrx_word' id='word_1_13' title='bbox 330 304 515 354; x_wconf 83' lang='lat' dir='ltr'><strong>monstrante</strong></span> <span class='ocrx_word' id='word_1_14' title='bbox 535 294 623 365; x_wconf 83' lang='lat' dir='ltr'>viam,</span> <span class='ocrx_word' id='word_1_15' title='bbox 644 295 714 354; x_wconf 88' lang='lat' dir='ltr'>data</span> <span class='ocrx_word' id='word_1_16' title='bbox 734 296 794 353; x_wconf 82' lang='lat' dir='ltr'>fata</span> <span class='ocrx_word' id='word_1_17' title='bbox 814 306 951 368; x_wconf 70' lang='lat' dir='ltr'>secutus,</span> 
     </span>
     <span class='ocr_line' id='line_1_4' title="bbox 103 375 960 451; baseline -0.001 -17"><span class='ocrx_word' id='word_1_18' title='bbox 103 375 193 434; x_wconf 81' lang='lat' dir='ltr'>‘Vix</span> <span class='ocrx_word' id='word_1_19' title='bbox 213 388 327 451; x_wconf 87' lang='lat' dir='ltr'>septem</span> <span class='ocrx_word' id='word_1_20' title='bbox 348 376 506 434; x_wconf 80' lang='lat' dir='ltr'>convolsae</span> <span class='ocrx_word' id='word_1_21' title='bbox 525 375 615 434; x_wconf 93' lang='lat' dir='ltr'>undis</span> <span class='ocrx_word' id='word_1_22' title='bbox 636 377 776 450; x_wconf 90' lang='lat' dir='ltr'>Euroque</span> <span class='ocrx_word' id='word_1_23' title='bbox 796 384 960 451; x_wconf 86' lang='lat' dir='ltr'><strong>supersunt.</strong></span> 
     </span>
     <span class='ocr_line' id='line_1_5' title="bbox 105 453 895 533; baseline -0.001 -17"><span class='ocrx_word' id='word_1_24' title='bbox 105 459 206 533; x_wconf 91' lang='lat' dir='ltr'>‘Ipse</span> <span class='ocrx_word' id='word_1_25' title='bbox 225 456 352 532; x_wconf 87' lang='lat' dir='ltr'>ignotus,</span> <span class='ocrx_word' id='word_1_26' title='bbox 375 473 473 530; x_wconf 90' lang='lat' dir='ltr'>egens,</span> <span class='ocrx_word' id='word_1_27' title='bbox 496 453 607 530; x_wconf 84' lang='lat' dir='ltr'>Libyae</span> <span class='ocrx_word' id='word_1_28' title='bbox 629 456 745 515; x_wconf 91' lang='lat' dir='ltr'>deserta</span> <span class='ocrx_word' id='word_1_29' title='bbox 765 473 895 531; x_wconf 83' lang='lat' dir='ltr'>peragro,</span> 
     </span>
     <span class='ocr_line' id='line_1_6' title="bbox 105 534 1113 614; baseline -0.002 -18"><span class='ocrx_word' id='word_1_30' title='bbox 105 539 254 612; x_wconf 81' lang='lat' dir='ltr'>‘Europa</span> <span class='ocrx_word' id='word_1_31' title='bbox 275 545 366 611; x_wconf 92' lang='lat' dir='ltr'>atque</span> <span class='ocrx_word' id='word_1_32' title='bbox 385 534 458 594; x_wconf 88' lang='lat' dir='ltr'>Asia</span> <span class='ocrx_word' id='word_1_33' title='bbox 478 535 597 610; x_wconf 70' lang='lat' dir='ltr'>pulsus?</span> <span class='ocrx_word' id='word_1_34' title='bbox 639 538 706 594; x_wconf 92' lang='lat' dir='ltr'>Nec</span> <span class='ocrx_word' id='word_1_35' title='bbox 726 536 811 611; x_wconf 92' lang='lat' dir='ltr'>plura</span> <span class='ocrx_word' id='word_1_36' title='bbox 830 546 1002 610; x_wconf 85' lang='lat' dir='ltr'>querentem</span> <span class='ocrx_word' id='word_1_37' title='bbox 1057 538 1113 614; x_wconf 83' lang='lat'>385</span> 
     </span>
     <span class='ocr_line' id='line_1_7' title="bbox 106 613 874 677; baseline -0.001 0"><span class='ocrx_word' id='word_1_38' title='bbox 106 621 211 677; x_wconf 83' lang='lat' dir='ltr'><strong>Passa</strong></span> <span class='ocrx_word' id='word_1_39' title='bbox 230 617 334 675; x_wconf 91' lang='lat' dir='ltr'>Venus</span> <span class='ocrx_word' id='word_1_40' title='bbox 355 615 456 674; x_wconf 92' lang='lat' dir='ltr'>medio</span> <span class='ocrx_word' id='word_1_41' title='bbox 476 614 518 674; x_wconf 93' lang='lat' dir='ltr'>sic</span> <span class='ocrx_word' id='word_1_42' title='bbox 538 613 674 674; x_wconf 84' lang='lat' dir='ltr'>interfata</span> <span class='ocrx_word' id='word_1_43' title='bbox 694 615 797 675; x_wconf 89' lang='lat' dir='ltr'>dolore</span> <span class='ocrx_word' id='word_1_44' title='bbox 817 625 874 676; x_wconf 87' lang='lat' dir='ltr'>est:</span> 
     </span>
     <span class='ocr_line' id='line_1_8' title="bbox 162 693 1046 771; baseline 0.002 -17"><span class='ocrx_word' id='word_1_45' title='bbox 162 694 319 771; x_wconf 88' lang='lat' dir='ltr'><strong>‘Quisquis</strong></span> <span class='ocrx_word' id='word_1_46' title='bbox 339 713 378 768; x_wconf 93' lang='lat' dir='ltr'>es,</span> <span class='ocrx_word' id='word_1_47' title='bbox 401 694 489 768; x_wconf 90' lang='lat' dir='ltr'>haud,</span> <span class='ocrx_word' id='word_1_48' title='bbox 512 697 611 766; x_wconf 92' lang='lat' dir='ltr'>credo,</span> <span class='ocrx_word' id='word_1_49' title='bbox 633 693 744 754; x_wconf 90' lang='lat' dir='ltr'>invisus</span> <span class='ocrx_word' id='word_1_50' title='bbox 765 695 941 755; x_wconf 90' lang='lat' dir='ltr'>caelestibus</span> <span class='ocrx_word' id='word_1_51' title='bbox 961 714 1046 756; x_wconf 89' lang='lat' dir='ltr'>auras</span> 
     </span>
     <span class='ocr_line' id='line_1_9' title="bbox 110 774 896 852; baseline -0.004 -17"><span class='ocrx_word' id='word_1_52' title='bbox 110 775 249 836; x_wconf 88' lang='lat' dir='ltr'>‘Vitales</span> <span class='ocrx_word' id='word_1_53' title='bbox 270 774 375 852; x_wconf 88' lang='lat' dir='ltr'>carpis,</span> <span class='ocrx_word' id='word_1_54' title='bbox 396 774 517 851; x_wconf 89' lang='lat' dir='ltr'><strong>Tyriam</strong></span> <span class='ocrx_word' id='word_1_55' title='bbox 538 774 589 852; x_wconf 93' lang='lat' dir='ltr'>qui</span> <span class='ocrx_word' id='word_1_56' title='bbox 609 774 763 835; x_wconf 89' lang='lat' dir='ltr'><strong>adveneris</strong></span> <span class='ocrx_word' id='word_1_57' title='bbox 784 776 896 835; x_wconf 91' lang='lat' dir='ltr'>urbem.</span> 
     </span>
     <span class='ocr_line' id='line_1_10' title="bbox 115 854 1035 932; baseline -0.004 -15"><span class='ocrx_word' id='word_1_58' title='bbox 115 860 230 932; x_wconf 87' lang='lat' dir='ltr'>‘Perge</span> <span class='ocrx_word' id='word_1_59' title='bbox 250 856 343 914; x_wconf 91' lang='lat' dir='ltr'>modo</span> <span class='ocrx_word' id='word_1_60' title='bbox 363 864 454 931; x_wconf 91' lang='lat' dir='ltr'>atque</span> <span class='ocrx_word' id='word_1_61' title='bbox 473 854 543 914; x_wconf 92' lang='lat' dir='ltr'>hinc</span> <span class='ocrx_word' id='word_1_62' title='bbox 562 866 593 915; x_wconf 93' lang='lat' dir='ltr'>te</span> <span class='ocrx_word' id='word_1_63' title='bbox 612 855 732 932; x_wconf 90' lang='lat' dir='ltr'>reginae</span> <span class='ocrx_word' id='word_1_64' title='bbox 752 855 791 914; x_wconf 91' lang='lat' dir='ltr'>ad</span> <span class='ocrx_word' id='word_1_65' title='bbox 811 854 913 914; x_wconf 91' lang='lat' dir='ltr'>limina</span> <span class='ocrx_word' id='word_1_66' title='bbox 933 857 1035 932; x_wconf 78' lang='lat' dir='ltr'>perfer.</span> 
     </span>
     <span class='ocr_line' id='line_1_11' title="bbox 119 933 1116 1012; baseline -0.002 -16"><span class='ocrx_word' id='word_1_67' title='bbox 119 939 276 1012; x_wconf 91' lang='lat' dir='ltr'>‘Namque</span> <span class='ocrx_word' id='word_1_68' title='bbox 297 933 351 994; x_wconf 92' lang='lat' dir='ltr'><strong>tibi</strong></span> <span class='ocrx_word' id='word_1_69' title='bbox 370 936 493 995; x_wconf 91' lang='lat' dir='ltr'>reduces</span> <span class='ocrx_word' id='word_1_70' title='bbox 514 933 612 996; x_wconf 92' lang='lat' dir='ltr'>socios</span> <span class='ocrx_word' id='word_1_71' title='bbox 632 937 818 1011; x_wconf 88' lang='lat' dir='ltr'>classemque</span> <span class='ocrx_word' id='word_1_72' title='bbox 837 937 959 994; x_wconf 88' lang='lat' dir='ltr'><strong>relatam</strong></span> <span class='ocrx_word' id='word_1_73' title='bbox 1058 954 1116 1012; x_wconf 84' lang='lat'>390</span> 
     </span>
     <span class='ocr_line' id='line_1_12' title="bbox 118 1014 930 1092; baseline -0.002 -16"><span class='ocrx_word' id='word_1_74' title='bbox 118 1015 254 1089; x_wconf 89' lang='lat' dir='ltr'>‘Nuntio</span> <span class='ocrx_word' id='word_1_75' title='bbox 275 1024 305 1076; x_wconf 91' lang='lat' dir='ltr'>et</span> <span class='ocrx_word' id='word_1_76' title='bbox 324 1014 355 1074; x_wconf 92' lang='lat' dir='ltr'>in</span> <span class='ocrx_word' id='word_1_77' title='bbox 376 1026 473 1074; x_wconf 91' lang='lat' dir='ltr'>tutum</span> <span class='ocrx_word' id='word_1_78' title='bbox 493 1015 584 1077; x_wconf 91' lang='lat' dir='ltr'>versis</span> <span class='ocrx_word' id='word_1_79' title='bbox 605 1015 804 1092; x_wconf 87' lang='lat' dir='ltr'><strong>Aquilonibus</strong></span> <span class='ocrx_word' id='word_1_80' title='bbox 825 1026 930 1089; x_wconf 91' lang='lat' dir='ltr'>actam,</span> 
     </span>
     <span class='ocr_line' id='line_1_13' title="bbox 122 1095 881 1172; baseline -0.004 -15"><span class='ocrx_word' id='word_1_81' title='bbox 122 1097 178 1157; x_wconf 89' lang='lat' dir='ltr'>‘Ni</span> <span class='ocrx_word' id='word_1_82' title='bbox 199 1099 305 1156; x_wconf 84' lang='lat' dir='ltr'>frustra</span> <span class='ocrx_word' id='word_1_83' title='bbox 324 1095 478 1172; x_wconf 81' lang='lat' dir='ltr'><strong>augurium</strong></span> <span class='ocrx_word' id='word_1_84' title='bbox 498 1095 568 1155; x_wconf 87' lang='lat' dir='ltr'>vani</span> <span class='ocrx_word' id='word_1_85' title='bbox 588 1096 716 1155; x_wconf 89' lang='lat' dir='ltr'>docuere</span> <span class='ocrx_word' id='word_1_86' title='bbox 736 1106 881 1172; x_wconf 86' lang='lat' dir='ltr'>parentes</span> 
     </span>
     <span class='ocr_line' id='line_1_14' title="bbox 121 1175 864 1253; baseline -0.003 -17"><span class='ocrx_word' id='word_1_87' title='bbox 121 1176 249 1253; x_wconf 87' lang='lat' dir='ltr'>‘Aspice</span> <span class='ocrx_word' id='word_1_88' title='bbox 268 1175 315 1236; x_wconf 91' lang='lat' dir='ltr'>bis</span> <span class='ocrx_word' id='word_1_89' title='bbox 335 1194 423 1236; x_wconf 89' lang='lat' dir='ltr'>senos</span> <span class='ocrx_word' id='word_1_90' title='bbox 443 1177 588 1236; x_wconf 90' lang='lat' dir='ltr'>laetantes</span> <span class='ocrx_word' id='word_1_91' title='bbox 608 1175 726 1252; x_wconf 87' lang='lat' dir='ltr'><strong>agmine</strong></span> <span class='ocrx_word' id='word_1_92' title='bbox 747 1195 864 1252; x_wconf 91' lang='lat' dir='ltr'>cycnos,</span> 
     </span>
     <span class='ocr_line' id='line_1_15' title="bbox 120 1255 889 1333; baseline -0.003 -16"><span class='ocrx_word' id='word_1_93' title='bbox 120 1255 278 1317; x_wconf 89' lang='lat' dir='ltr'><strong>‘Aetheria</strong></span> <span class='ocrx_word' id='word_1_94' title='bbox 298 1275 373 1333; x_wconf 90' lang='lat' dir='ltr'>quos</span> <span class='ocrx_word' id='word_1_95' title='bbox 393 1257 476 1333; x_wconf 90' lang='lat' dir='ltr'>lapsa</span> <span class='ocrx_word' id='word_1_96' title='bbox 495 1258 583 1333; x_wconf 85' lang='lat' dir='ltr'><strong>plaga</strong></span> <span class='ocrx_word' id='word_1_97' title='bbox 604 1255 685 1314; x_wconf 89' lang='lat' dir='ltr'>Iovis</span> <span class='ocrx_word' id='word_1_98' title='bbox 705 1257 767 1315; x_wconf 92' lang='lat' dir='ltr'>ales</span> <span class='ocrx_word' id='word_1_99' title='bbox 787 1267 889 1331; x_wconf 90' lang='lat' dir='ltr'>aperto</span> 
     </span>
     <span class='ocr_line' id='line_1_16' title="bbox 119 1335 863 1412; baseline -0.004 -15"><span class='ocrx_word' id='word_1_100' title='bbox 119 1338 292 1397; x_wconf 90' lang='lat' dir='ltr'>‘Turbabat</span> <span class='ocrx_word' id='word_1_101' title='bbox 312 1337 410 1410; x_wconf 89' lang='lat' dir='ltr'>caelo;</span> <span class='ocrx_word' id='word_1_102' title='bbox 436 1355 517 1396; x_wconf 90' lang='lat' dir='ltr'>nunc</span> <span class='ocrx_word' id='word_1_103' title='bbox 537 1347 628 1396; x_wconf 87' lang='lat' dir='ltr'>terras</span> <span class='ocrx_word' id='word_1_104' title='bbox 649 1335 752 1397; x_wconf 87' lang='lat' dir='ltr'><strong>ordine</strong></span> <span class='ocrx_word' id='word_1_105' title='bbox 773 1337 863 1412; x_wconf 91' lang='lat' dir='ltr'><strong>longo</strong></span> 
     </span>
     <span class='ocr_line' id='line_1_17' title="bbox 119 1414 960 1494; baseline -0.001 -16"><span class='ocrx_word' id='word_1_106' title='bbox 119 1421 198 1478; x_wconf 86' lang='lat' dir='ltr'>‘Aut</span> <span class='ocrx_word' id='word_1_107' title='bbox 218 1434 324 1494; x_wconf 84' lang='lat' dir='ltr'>capere</span> <span class='ocrx_word' id='word_1_108' title='bbox 345 1425 396 1475; x_wconf 91' lang='lat' dir='ltr'>aut</span> <span class='ocrx_word' id='word_1_109' title='bbox 416 1428 517 1493; x_wconf 89' lang='lat' dir='ltr'>captas</span> <span class='ocrx_word' id='word_1_110' title='bbox 537 1414 598 1476; x_wconf 93' lang='lat' dir='ltr'>iam</span> <span class='ocrx_word' id='word_1_111' title='bbox 618 1417 791 1492; x_wconf 89' lang='lat' dir='ltr'>despectare</span> <span class='ocrx_word' id='word_1_112' title='bbox 811 1415 960 1477; x_wconf 85' lang='lat' dir='ltr'>videntur:</span> 
     </span>
     <span class='ocr_line' id='line_1_18' title="bbox 120 1495 803 1559; baseline -0.006 0"><span class='ocrx_word' id='word_1_113' title='bbox 120 1500 183 1559; x_wconf 89' lang='lat' dir='ltr'>‘Ut</span> <span class='ocrx_word' id='word_1_114' title='bbox 203 1498 329 1557; x_wconf 90' lang='lat' dir='ltr'>reduces</span> <span class='ocrx_word' id='word_1_115' title='bbox 349 1495 392 1556; x_wconf 95' lang='lat' dir='ltr'><strong>illi</strong></span> <span class='ocrx_word' id='word_1_116' title='bbox 411 1498 520 1556; x_wconf 93' lang='lat' dir='ltr'>ludunt</span> <span class='ocrx_word' id='word_1_117' title='bbox 540 1495 730 1556; x_wconf 90' lang='lat' dir='ltr'>stridentibus</span> <span class='ocrx_word' id='word_1_118' title='bbox 751 1497 803 1556; x_wconf 90' lang='lat' dir='ltr'>alis</span> 
     </span>
     <span class='ocr_line' id='line_1_19' title="bbox 121 1575 869 1654; baseline 0 -16"><span class='ocrx_word' id='word_1_119' title='bbox 121 1581 177 1639; x_wconf 90' lang='lat' dir='ltr'>‘Et</span> <span class='ocrx_word' id='word_1_120' title='bbox 198 1588 287 1638; x_wconf 93' lang='lat' dir='ltr'>coetu</span> <span class='ocrx_word' id='word_1_121' title='bbox 307 1575 424 1637; x_wconf 87' lang='lat' dir='ltr'>cinxere</span> <span class='ocrx_word' id='word_1_122' title='bbox 443 1579 546 1654; x_wconf 90' lang='lat' dir='ltr'>polum</span> <span class='ocrx_word' id='word_1_123' title='bbox 567 1587 730 1652; x_wconf 89' lang='lat' dir='ltr'>cantusque</span> <span class='ocrx_word' id='word_1_124' title='bbox 751 1577 869 1650; x_wconf 89' lang='lat' dir='ltr'>dedere,</span> 
     </span>
     <span class='ocr_line' id='line_1_20' title="bbox 123 1657 931 1734; baseline -0.001 -16"><span class='ocrx_word' id='word_1_125' title='bbox 123 1659 234 1718; x_wconf 91' lang='lat' dir='ltr'>‘Haud</span> <span class='ocrx_word' id='word_1_126' title='bbox 253 1657 337 1718; x_wconf 89' lang='lat' dir='ltr'>aliter</span> <span class='ocrx_word' id='word_1_127' title='bbox 356 1673 530 1734; x_wconf 90' lang='lat' dir='ltr'>puppesque</span> <span class='ocrx_word' id='word_1_128' title='bbox 551 1668 620 1717; x_wconf 91' lang='lat' dir='ltr'>tuae</span> <span class='ocrx_word' id='word_1_129' title='bbox 639 1658 793 1734; x_wconf 91' lang='lat' dir='ltr'>pubesque</span> <span class='ocrx_word' id='word_1_130' title='bbox 813 1668 931 1717; x_wconf 91' lang='lat' dir='ltr'>tuorum</span> 
     </span>
     <span class='ocr_line' id='line_1_21' title="bbox 123 1737 912 1815; baseline -0.003 -18"><span class='ocrx_word' id='word_1_131' title='bbox 123 1742 200 1798; x_wconf 85' lang='lat' dir='ltr'>‘Aut</span> <span class='ocrx_word' id='word_1_132' title='bbox 220 1747 341 1815; x_wconf 92' lang='lat' dir='ltr'>portum</span> <span class='ocrx_word' id='word_1_133' title='bbox 361 1748 443 1798; x_wconf 92' lang='lat' dir='ltr'>tenet</span> <span class='ocrx_word' id='word_1_134' title='bbox 463 1748 514 1797; x_wconf 91' lang='lat' dir='ltr'>aut</span> <span class='ocrx_word' id='word_1_135' title='bbox 534 1738 624 1814; x_wconf 93' lang='lat' dir='ltr'>pleno</span> <span class='ocrx_word' id='word_1_136' title='bbox 645 1737 722 1798; x_wconf 92' lang='lat' dir='ltr'><strong>subit</strong></span> <span class='ocrx_word' id='word_1_137' title='bbox 742 1737 819 1798; x_wconf 89' lang='lat' dir='ltr'>ostia</span> <span class='ocrx_word' id='word_1_138' title='bbox 838 1741 912 1798; x_wconf 90' lang='lat' dir='ltr'>velo.</span> 
     </span>
     <span class='ocr_line' id='line_1_22' title="bbox 124 1817 1000 1896; baseline -0.002 -17"><span class='ocrx_word' id='word_1_139' title='bbox 124 1821 233 1895; x_wconf 89' lang='lat' dir='ltr'>‘Perge</span> <span class='ocrx_word' id='word_1_140' title='bbox 253 1819 345 1878; x_wconf 90' lang='lat' dir='ltr'>modo</span> <span class='ocrx_word' id='word_1_141' title='bbox 366 1827 404 1891; x_wconf 91' lang='lat' dir='ltr'>et,</span> <span class='ocrx_word' id='word_1_142' title='bbox 426 1828 536 1894; x_wconf 92' lang='lat' dir='ltr'>quate</span> <span class='ocrx_word' id='word_1_143' title='bbox 558 1817 640 1878; x_wconf 92' lang='lat' dir='ltr'>ducit</span> <span class='ocrx_word' id='word_1_144' title='bbox 659 1817 715 1892; x_wconf 86' lang='lat' dir='ltr'>via,</span> <span class='ocrx_word' id='word_1_145' title='bbox 737 1818 830 1895; x_wconf 91' lang='lat' dir='ltr'>dirige</span> <span class='ocrx_word' id='word_1_146' title='bbox 850 1818 1000 1896; x_wconf 88' lang='lat' dir='ltr'>gressum&#39;</span> 
     </span>
     <span class='ocr_line' id='line_1_23' title="bbox 166 1897 844 1973; baseline -0.006 -14"><span class='ocrx_word' id='word_1_147' title='bbox 166 1897 259 1973; x_wconf 86' lang='lat' dir='ltr'>Dixit,</span> <span class='ocrx_word' id='word_1_148' title='bbox 281 1909 312 1959; x_wconf 89' lang='lat' dir='ltr'>et</span> <span class='ocrx_word' id='word_1_149' title='bbox 331 1909 465 1958; x_wconf 88' lang='lat' dir='ltr'>avertens</span> <span class='ocrx_word' id='word_1_150' title='bbox 485 1916 570 1958; x_wconf 90' lang='lat' dir='ltr'>rosea</span> <span class='ocrx_word' id='word_1_151' title='bbox 590 1897 704 1958; x_wconf 89' lang='lat' dir='ltr'>cervice</span> <span class='ocrx_word' id='word_1_152' title='bbox 723 1897 844 1970; x_wconf 86' lang='lat' dir='ltr'>refulsit,</span> 
     </span>
     <span class='ocr_line' id='line_1_24' title="bbox 122 1977 911 2054; baseline -0.003 -15"><span class='ocrx_word' id='word_1_153' title='bbox 122 1977 361 2054; x_wconf 88' lang='lat' dir='ltr'>Ambrosiaeque</span> <span class='ocrx_word' id='word_1_154' title='bbox 381 1998 486 2039; x_wconf 92' lang='lat' dir='ltr'>comae</span> <span class='ocrx_word' id='word_1_155' title='bbox 506 1977 639 2038; x_wconf 90' lang='lat' dir='ltr'>divinum</span> <span class='ocrx_word' id='word_1_156' title='bbox 659 1977 767 2038; x_wconf 89' lang='lat' dir='ltr'>vertice</span> <span class='ocrx_word' id='word_1_157' title='bbox 788 1979 911 2038; x_wconf 92' lang='lat' dir='ltr'>odorem</span> 
     </span>
     <span class='ocr_line' id='line_1_25' title="bbox 123 2057 835 2137; baseline -0.001 -18"><span class='ocrx_word' id='word_1_158' title='bbox 123 2058 294 2137; x_wconf 85' lang='lat' dir='ltr'>Spiravere;</span> <span class='ocrx_word' id='word_1_159' title='bbox 320 2059 412 2135; x_wconf 92' lang='lat' dir='ltr'>pedes</span> <span class='ocrx_word' id='word_1_160' title='bbox 432 2059 522 2118; x_wconf 92' lang='lat' dir='ltr'>vestis</span> <span class='ocrx_word' id='word_1_161' title='bbox 543 2057 665 2118; x_wconf 83' lang='lat' dir='ltr'>defluxit</span> <span class='ocrx_word' id='word_1_162' title='bbox 686 2059 725 2118; x_wconf 87' lang='lat' dir='ltr'>ad</span> <span class='ocrx_word' id='word_1_163' title='bbox 746 2059 835 2118; x_wconf 91' lang='lat' dir='ltr'>imos:</span> 
     </span>
     <span class='ocr_line' id='line_1_26' title="bbox 124 2138 910 2216; baseline -0.005 -16"><span class='ocrx_word' id='word_1_164' title='bbox 124 2143 167 2200; x_wconf 92' lang='lat' dir='ltr'><strong>Et</strong></span> <span class='ocrx_word' id='word_1_165' title='bbox 187 2159 257 2200; x_wconf 86' lang='lat' dir='ltr'>vera</span> <span class='ocrx_word' id='word_1_166' title='bbox 275 2139 392 2199; x_wconf 89' lang='lat' dir='ltr'>incessu</span> <span class='ocrx_word' id='word_1_167' title='bbox 413 2138 509 2216; x_wconf 89' lang='lat' dir='ltr'>patuit</span> <span class='ocrx_word' id='word_1_168' title='bbox 529 2140 594 2199; x_wconf 90' lang='lat' dir='ltr'>dea</span> <span class='ocrx_word' id='word_1_169' title='bbox 638 2139 695 2198; x_wconf 93' lang='lat' dir='ltr'>Ille</span> <span class='ocrx_word' id='word_1_170' title='bbox 713 2139 765 2198; x_wconf 92' lang='lat' dir='ltr'>ubi</span> <span class='ocrx_word' id='word_1_171' title='bbox 786 2148 910 2197; x_wconf 87' lang='lat' dir='ltr'>matrem</span> 
     </span>
     <span class='ocr_line' id='line_1_27' title="bbox 124 2217 854 2297; baseline -0.007 -17"><span class='ocrx_word' id='word_1_172' title='bbox 124 2217 287 2297; x_wconf 88' lang='lat' dir='ltr'>Adgnovit,</span> <span class='ocrx_word' id='word_1_173' title='bbox 310 2219 362 2279; x_wconf 91' lang='lat' dir='ltr'><strong>tali</strong></span> <span class='ocrx_word' id='word_1_174' title='bbox 381 2219 542 2296; x_wconf 85' lang='lat' dir='ltr'>fugientem</span> <span class='ocrx_word' id='word_1_175' title='bbox 565 2229 609 2278; x_wconf 90' lang='lat' dir='ltr'>est</span> <span class='ocrx_word' id='word_1_176' title='bbox 628 2237 702 2279; x_wconf 91' lang='lat' dir='ltr'>voce</span> <span class='ocrx_word' id='word_1_177' title='bbox 723 2229 854 2278; x_wconf 90' lang='lat' dir='ltr'>secutus:</span> 
     </span>
     <span class='ocr_line' id='line_1_28' title="bbox 125 2296 930 2375; baseline -0.001 -16"><span class='ocrx_word' id='word_1_178' title='bbox 125 2299 222 2375; x_wconf 89' lang='lat' dir='ltr'>‘Quid</span> <span class='ocrx_word' id='word_1_179' title='bbox 242 2310 346 2359; x_wconf 87' lang='lat' dir='ltr'>natum</span> <span class='ocrx_word' id='word_1_180' title='bbox 367 2301 483 2373; x_wconf 89' lang='lat' dir='ltr'>totiens,</span> <span class='ocrx_word' id='word_1_181' title='bbox 505 2298 631 2358; x_wconf 90' lang='lat' dir='ltr'>crudelis</span> <span class='ocrx_word' id='word_1_182' title='bbox 651 2310 683 2359; x_wconf 94' lang='lat' dir='ltr'>tu</span> <span class='ocrx_word' id='word_1_183' title='bbox 704 2317 832 2375; x_wconf 92' lang='lat' dir='ltr'>quoque,</span> <span class='ocrx_word' id='word_1_184' title='bbox 852 2296 930 2358; x_wconf 88' lang='lat' dir='ltr'>falsis</span> 
     </span>
     <span class='ocr_line' id='line_1_29' title="bbox 125 2378 951 2456; baseline -0.002 -17"><span class='ocrx_word' id='word_1_185' title='bbox 125 2379 234 2440; x_wconf 91' lang='lat' dir='ltr'>‘Ludis</span> <span class='ocrx_word' id='word_1_186' title='bbox 254 2379 448 2456; x_wconf 85' lang='lat' dir='ltr'>imaginibus?</span> <span class='ocrx_word' id='word_1_187' title='bbox 468 2399 520 2438; x_wconf 93' lang='lat' dir='ltr'>cur</span> <span class='ocrx_word' id='word_1_188' title='bbox 539 2378 659 2439; x_wconf 91' lang='lat' dir='ltr'>dextrae</span> <span class='ocrx_word' id='word_1_189' title='bbox 679 2379 799 2456; x_wconf 90' lang='lat' dir='ltr'>iungere</span> <span class='ocrx_word' id='word_1_190' title='bbox 819 2378 951 2439; x_wconf 88' lang='lat' dir='ltr'>dextram</span> 
     </span>
     <span class='ocr_line' id='line_1_30' title="bbox 125 2460 946 2535; baseline -0.001 -16"><span class='ocrx_word' id='word_1_191' title='bbox 125 2462 214 2520; x_wconf 92' lang='lat' dir='ltr'>‘Non</span> <span class='ocrx_word' id='word_1_192' title='bbox 235 2460 329 2535; x_wconf 89' lang='lat' dir='ltr'>datur,</span> <span class='ocrx_word' id='word_1_193' title='bbox 351 2480 387 2519; x_wconf 93' lang='lat' dir='ltr'>ac</span> <span class='ocrx_word' id='word_1_194' title='bbox 407 2479 491 2520; x_wconf 90' lang='lat' dir='ltr'>veras</span> <span class='ocrx_word' id='word_1_195' title='bbox 511 2460 613 2520; x_wconf 91' lang='lat' dir='ltr'>audire</span> <span class='ocrx_word' id='word_1_196' title='bbox 633 2470 664 2520; x_wconf 90' lang='lat' dir='ltr'>et</span> <span class='ocrx_word' id='word_1_197' title='bbox 684 2461 806 2520; x_wconf 90' lang='lat' dir='ltr'>reddere</span> <span class='ocrx_word' id='word_1_198' title='bbox 826 2461 946 2518; x_wconf 87' lang='lat' dir='ltr'>voces?&#39;</span> 
     </span>
     <span class='ocr_line' id='line_1_31' title="bbox 124 2539 928 2617; baseline -0.002 -17"><span class='ocrx_word' id='word_1_199' title='bbox 124 2539 251 2600; x_wconf 83' lang='lat' dir='ltr'><strong>Talibus</strong></span> <span class='ocrx_word' id='word_1_200' title='bbox 271 2540 394 2614; x_wconf 85' lang='lat' dir='ltr'>incusat,</span> <span class='ocrx_word' id='word_1_201' title='bbox 416 2559 607 2617; x_wconf 90' lang='lat' dir='ltr'>gressumque</span> <span class='ocrx_word' id='word_1_202' title='bbox 628 2541 667 2600; x_wconf 91' lang='lat' dir='ltr'>ad</span> <span class='ocrx_word' id='word_1_203' title='bbox 687 2540 806 2601; x_wconf 88' lang='lat' dir='ltr'>moenia</span> <span class='ocrx_word' id='word_1_204' title='bbox 826 2539 928 2599; x_wconf 89' lang='lat' dir='ltr'>tendit</span> 
     </span>
     <span class='ocr_line' id='line_1_32' title="bbox 125 2619 833 2697; baseline -0.003 -17"><span class='ocrx_word' id='word_1_205' title='bbox 125 2624 169 2680; x_wconf 85' lang='lat' dir='ltr'><strong>At</strong></span> <span class='ocrx_word' id='word_1_206' title='bbox 188 2623 292 2680; x_wconf 91' lang='lat' dir='ltr'>Venus</span> <span class='ocrx_word' id='word_1_207' title='bbox 312 2621 438 2681; x_wconf 90' lang='lat' dir='ltr'>obscuro</span> <span class='ocrx_word' id='word_1_208' title='bbox 458 2620 625 2696; x_wconf 88' lang='lat' dir='ltr'>gradientes</span> <span class='ocrx_word' id='word_1_209' title='bbox 645 2623 712 2681; x_wconf 70' lang='lat' dir='ltr'>aere</span> <span class='ocrx_word' id='word_1_210' title='bbox 733 2619 833 2697; x_wconf 92' lang='lat' dir='ltr'>sepsit,</span> 
     </span>
     <span class='ocr_line' id='line_1_33' title="bbox 127 2699 871 2771; baseline -0.003 -11"><span class='ocrx_word' id='word_1_211' title='bbox 127 2703 168 2760; x_wconf 93' lang='lat' dir='ltr'><strong>Et</strong></span> <span class='ocrx_word' id='word_1_212' title='bbox 188 2702 282 2760; x_wconf 92' lang='lat' dir='ltr'>multo</span> <span class='ocrx_word' id='word_1_213' title='bbox 302 2701 429 2760; x_wconf 88' lang='lat' dir='ltr'>nebulae</span> <span class='ocrx_word' id='word_1_214' title='bbox 449 2700 560 2760; x_wconf 90' lang='lat' dir='ltr'>circum</span> <span class='ocrx_word' id='word_1_215' title='bbox 580 2701 638 2760; x_wconf 92' lang='lat' dir='ltr'>dea</span> <span class='ocrx_word' id='word_1_216' title='bbox 657 2700 734 2761; x_wconf 85' lang='lat' dir='ltr'>fudit</span> <span class='ocrx_word' id='word_1_217' title='bbox 753 2699 871 2771; x_wconf 91' lang='lat' dir='ltr'>amictu,</span> 
     </span>
     <span class='ocr_line' id='line_1_34' title="bbox 126 2780 963 2857; baseline -0.004 -15"><span class='ocrx_word' id='word_1_218' title='bbox 126 2781 258 2842; x_wconf 91' lang='lat' dir='ltr'>Cernere</span> <span class='ocrx_word' id='word_1_219' title='bbox 277 2799 316 2840; x_wconf 92' lang='lat' dir='ltr'>ne</span> <span class='ocrx_word' id='word_1_220' title='bbox 336 2781 403 2857; x_wconf 91' lang='lat' dir='ltr'>quis</span> <span class='ocrx_word' id='word_1_221' title='bbox 425 2800 477 2840; x_wconf 91' lang='lat' dir='ltr'>eos</span> <span class='ocrx_word' id='word_1_222' title='bbox 497 2800 556 2840; x_wconf 90' lang='lat' dir='ltr'>neu</span> <span class='ocrx_word' id='word_1_223' title='bbox 576 2780 643 2857; x_wconf 90' lang='lat' dir='ltr'>quis</span> <span class='ocrx_word' id='word_1_224' title='bbox 663 2780 834 2856; x_wconf 89' lang='lat' dir='ltr'>contingere</span> <span class='ocrx_word' id='word_1_225' title='bbox 854 2789 963 2855; x_wconf 90' lang='lat' dir='ltr'>posset,</span> 
     </span>
     <span class='ocr_line' id='line_1_35' title="bbox 127 2859 906 2938; baseline -0.001 -18"><span class='ocrx_word' id='word_1_226' title='bbox 127 2859 266 2921; x_wconf 90' lang='lat' dir='ltr'>Molirive</span> <span class='ocrx_word' id='word_1_227' title='bbox 286 2880 400 2920; x_wconf 90' lang='lat' dir='ltr'>moram</span> <span class='ocrx_word' id='word_1_228' title='bbox 421 2871 472 2920; x_wconf 91' lang='lat' dir='ltr'>aut</span> <span class='ocrx_word' id='word_1_229' title='bbox 490 2860 630 2921; x_wconf 88' lang='lat' dir='ltr'>veniendi</span> <span class='ocrx_word' id='word_1_230' title='bbox 650 2879 774 2938; x_wconf 91' lang='lat' dir='ltr'>poscere</span> <span class='ocrx_word' id='word_1_231' title='bbox 795 2877 906 2919; x_wconf 90' lang='lat' dir='ltr'>causas.</span> 
     </span>
     <span class='ocr_line' id='line_1_36' title="bbox 127 2937 885 3019; baseline -0.003 -19"><span class='ocrx_word' id='word_1_232' title='bbox 127 2941 201 3019; x_wconf 91' lang='lat' dir='ltr'>Ipsa</span> <span class='ocrx_word' id='word_1_233' title='bbox 220 2941 354 3017; x_wconf 90' lang='lat' dir='ltr'>Paphum</span> <span class='ocrx_word' id='word_1_234' title='bbox 376 2941 509 3000; x_wconf 90' lang='lat' dir='ltr'>sublimis</span> <span class='ocrx_word' id='word_1_235' title='bbox 530 2941 600 3014; x_wconf 93' lang='lat' dir='ltr'>abit,</span> <span class='ocrx_word' id='word_1_236' title='bbox 622 2942 767 3017; x_wconf 90' lang='lat' dir='ltr'>sedesque</span> <span class='ocrx_word' id='word_1_237' title='bbox 786 2937 885 2999; x_wconf 90' lang='lat' dir='ltr'>revisit</span> 
     </span>
     <span class='ocr_line' id='line_1_37' title="bbox 98 3019 963 3098; baseline -0.002 -17"><span class='ocrx_word' id='word_1_238' title='bbox 98 3042 105 3056; x_wconf 80' lang='lat'>‘</span> <span class='ocrx_word' id='word_1_239' title='bbox 127 3023 223 3081; x_wconf 90' lang='lat' dir='ltr'>Laeta</span> <span class='ocrx_word' id='word_1_240' title='bbox 242 3039 318 3094; x_wconf 88' lang='lat' dir='ltr'>suas,</span> <span class='ocrx_word' id='word_1_241' title='bbox 340 3020 392 3080; x_wconf 92' lang='lat' dir='ltr'>ubi</span> <span class='ocrx_word' id='word_1_242' title='bbox 412 3023 557 3098; x_wconf 91' lang='lat' dir='ltr'>templum</span> <span class='ocrx_word' id='word_1_243' title='bbox 578 3021 628 3092; x_wconf 92' lang='lat' dir='ltr'><strong>illi,</strong></span> <span class='ocrx_word' id='word_1_244' title='bbox 650 3032 829 3096; x_wconf 92' lang='lat' dir='ltr'>centumque</span> <span class='ocrx_word' id='word_1_245' title='bbox 849 3019 963 3079; x_wconf 87' lang='lat' dir='ltr'>Sabaeo</span> 
     </span>
     <span class='ocr_line' id='line_1_38' title="bbox 127 3101 897 3177; baseline -0.004 -16"><span class='ocrx_word' id='word_1_246' title='bbox 127 3104 210 3161; x_wconf 94' lang='lat' dir='ltr'>Ture</span> <span class='ocrx_word' id='word_1_247' title='bbox 230 3102 329 3160; x_wconf 91' lang='lat' dir='ltr'>calent</span> <span class='ocrx_word' id='word_1_248' title='bbox 349 3120 416 3161; x_wconf 92' lang='lat' dir='ltr'>arae</span> <span class='ocrx_word' id='word_1_249' title='bbox 437 3101 580 3177; x_wconf 90' lang='lat' dir='ltr'>sertisque</span> <span class='ocrx_word' id='word_1_250' title='bbox 600 3101 767 3161; x_wconf 89' lang='lat' dir='ltr'>recentibus</span> <span class='ocrx_word' id='word_1_251' title='bbox 787 3101 897 3160; x_wconf 81' lang='lat' dir='ltr'>halant</span> 
     </span>
     <span class='ocr_line' id='line_1_39' title="bbox 169 3179 967 3258; baseline -0.005 -17"><span class='ocrx_word' id='word_1_252' title='bbox 169 3180 346 3258; x_wconf 90' lang='lat' dir='ltr'>Corripuere</span> <span class='ocrx_word' id='word_1_253' title='bbox 366 3180 445 3240; x_wconf 90' lang='lat' dir='ltr'>viam</span> <span class='ocrx_word' id='word_1_254' title='bbox 466 3179 586 3254; x_wconf 88' lang='lat' dir='ltr'>interea,</span> <span class='ocrx_word' id='word_1_255' title='bbox 609 3199 668 3256; x_wconf 92' lang='lat' dir='ltr'>qua</span> <span class='ocrx_word' id='word_1_256' title='bbox 688 3179 792 3240; x_wconf 92' lang='lat' dir='ltr'>semita</span> <span class='ocrx_word' id='word_1_257' title='bbox 812 3189 967 3241; x_wconf 90' lang='lat' dir='ltr'>monstrat:</span> 
     </span>
     <span class='ocr_line' id='line_1_40' title="bbox 129 3258 935 3337; baseline -0.006 -14"><span class='ocrx_word' id='word_1_258' title='bbox 129 3263 255 3337; x_wconf 89' lang='lat' dir='ltr'>Iamque</span> <span class='ocrx_word' id='word_1_259' title='bbox 275 3261 476 3321; x_wconf 90' lang='lat' dir='ltr'>ascendebant</span> <span class='ocrx_word' id='word_1_260' title='bbox 497 3262 614 3334; x_wconf 91' lang='lat' dir='ltr'>collem,</span> <span class='ocrx_word' id='word_1_261' title='bbox 636 3260 687 3336; x_wconf 91' lang='lat' dir='ltr'>qui</span> <span class='ocrx_word' id='word_1_262' title='bbox 708 3259 850 3336; x_wconf 91' lang='lat' dir='ltr'>plurimus</span> <span class='ocrx_word' id='word_1_263' title='bbox 870 3258 935 3320; x_wconf 91' lang='lat' dir='ltr'>urbi</span> 
     </span>
     <span class='ocr_line' id='line_1_41' title="bbox 129 3340 900 3416; baseline -0.01 -14"><span class='ocrx_word' id='word_1_264' title='bbox 129 3341 274 3402; x_wconf 89' lang='lat' dir='ltr'>Imminet</span> <span class='ocrx_word' id='word_1_265' title='bbox 294 3341 490 3415; x_wconf 89' lang='lat' dir='ltr'>adversasque</span> <span class='ocrx_word' id='word_1_266' title='bbox 511 3349 645 3416; x_wconf 87' lang='lat' dir='ltr'>aspectat</span> <span class='ocrx_word' id='word_1_267' title='bbox 664 3340 791 3413; x_wconf 89' lang='lat' dir='ltr'>desuper</span> <span class='ocrx_word' id='word_1_268' title='bbox 811 3357 900 3397; x_wconf 90' lang='lat' dir='ltr'>arces.</span> 
     </span>
    </p>
   </div>
   <div class='ocr_carea' id='block_1_3' title="bbox 0 0 1250 3686">
    <p class='ocr_par' dir='ltr' id='par_1_3' title="bbox 0 0 1250 3686">
     <span class='ocr_line' id='line_1_42' title="bbox 0 0 1250 3686; baseline 0 0"><span class='ocrx_word' id='word_1_269' title='bbox 0 0 1250 3686; x_wconf 95' lang='lat' dir='ltr'> </span> 
     </span>
    </p>
   </div>
  </div>
 </body>
</html>
