<?xml version="1.0" encoding="UTF-8"?>
<!DOCTYPE html PUBLIC "-//W3C//DTD XHTML 1.0 Transitional//EN"
    "http://www.w3.org/TR/xhtml1/DTD/xhtml1-transitional.dtd">
<html xmlns="http://www.w3.org/1999/xhtml" xml:lang="en" lang="en">
 <head>
  <title>
</title>
<meta http-equiv="Content-Type" content="text/html;charset=utf-8" />
  <meta name='ocr-system' content='tesseract 3.04.00' />
  <meta name='ocr-capabilities' content='ocr_page ocr_carea ocr_par ocr_line ocrx_word'/>
</head>
<body>
  <div class='ocr_page' id='page_1' title='image "./pvergilimaronis13virggoog/pvergilimaronis13virggoog_0278.png"; bbox 0 0 2462 3678; ppageno 0'>
   <div class='ocr_carea' id='block_1_1' title="bbox 407 102 1121 192">
    <p class='ocr_par' dir='ltr' id='par_1_1' title="bbox 407 102 1121 192">
     <span class='ocr_line' id='line_1_1' title="bbox 407 102 1121 192; baseline -0.003 -32"><span class='ocrx_word' id='word_1_1' title='bbox 407 103 646 162; x_wconf 69' lang='lat' dir='ltr'>Aruernos</span> <span class='ocrx_word' id='word_1_2' title='bbox 671 103 755 161; x_wconf 76' lang='lat' dir='ltr'>rra</span> <span class='ocrx_word' id='word_1_3' title='bbox 791 103 839 161; x_wconf 84' lang='lat' dir='ltr'>vr.</span> <span class='ocrx_word' id='word_1_4' title='bbox 999 183 1003 192; x_wconf 24' lang='lat'><strong><em>¹</em></strong></span> <span class='ocrx_word' id='word_1_5' title='bbox 1064 102 1121 176; x_wconf 86' lang='lat'>269</span> 
     </span>
    </p>
   </div>
   <div class='ocr_carea' id='block_1_2' title="bbox 51 226 1120 3435">
    <p class='ocr_par' dir='ltr' id='par_1_2' title="bbox 51 226 1120 3276">
     <span class='ocr_line' id='line_1_2' title="bbox 104 226 1042 303; baseline 0.005 -18"><span class='ocrx_word' id='word_1_6' title='bbox 104 229 311 286; x_wconf 89' lang='lat' dir='ltr'>‘Venturum</span> <span class='ocrx_word' id='word_1_7' title='bbox 333 226 489 287; x_wconf 90' lang='lat' dir='ltr'>Ausonios.</span> <span class='ocrx_word' id='word_1_8' title='bbox 533 229 580 286; x_wconf 91' lang='lat' dir='ltr'>En</span> <span class='ocrx_word' id='word_1_9' title='bbox 603 228 677 287; x_wconf 90' lang='lat' dir='ltr'>haec</span> <span class='ocrx_word' id='word_1_10' title='bbox 699 226 843 303; x_wconf 89' lang='lat' dir='ltr'>promissa</span> <span class='ocrx_word' id='word_1_11' title='bbox 865 229 939 286; x_wconf 88' lang='lat' dir='ltr'>fides</span> <span class='ocrx_word' id='word_1_12' title='bbox 961 229 1042 291; x_wconf 61' lang='lat' dir='ltr'>estss’</span> 
     </span>
     <span class='ocr_line' id='line_1_3' title="bbox 104 307 926 383; baseline 0.002 -18"><span class='ocrx_word' id='word_1_13' title='bbox 104 309 182 366; x_wconf 93' lang='lat' dir='ltr'>Ille</span> <span class='ocrx_word' id='word_1_14' title='bbox 205 317 324 368; x_wconf 87' lang='lat' dir='ltr'>autem:</span> <span class='ocrx_word' id='word_1_15' title='bbox 347 309 472 383; x_wconf 85' lang='lat' dir='ltr'>‘Neque</span> <span class='ocrx_word' id='word_1_16' title='bbox 493 317 522 367; x_wconf 93' lang='lat' dir='ltr'>te</span> <span class='ocrx_word' id='word_1_17' title='bbox 545 308 659 368; x_wconf 91' lang='lat' dir='ltr'>Phoebi</span> <span class='ocrx_word' id='word_1_18' title='bbox 681 307 795 368; x_wconf 91' lang='lat' dir='ltr'>cortina</span> <span class='ocrx_word' id='word_1_19' title='bbox 816 307 926 380; x_wconf 83' lang='lat' dir='ltr'>fefellit,</span> 
     </span>
     <span class='ocr_line' id='line_1_4' title="bbox 107 386 938 465; baseline 0 -19"><span class='ocrx_word' id='word_1_20' title='bbox 107 390 216 446; x_wconf 85' lang='lat' dir='ltr'>‘Dux</span> <span class='ocrx_word' id='word_1_21' title='bbox 237 387 425 455; x_wconf 86' lang='lat' dir='ltr'>Anchisiade,</span> <span class='ocrx_word' id='word_1_22' title='bbox 446 407 502 448; x_wconf 92' lang='lat' dir='ltr'>nec</span> <span class='ocrx_word' id='word_1_23' title='bbox 523 408 572 448; x_wconf 90' lang='lat' dir='ltr'>me</span> <span class='ocrx_word' id='word_1_24' title='bbox 593 389 667 448; x_wconf 92' lang='lat' dir='ltr'>deus</span> <span class='ocrx_word' id='word_1_25' title='bbox 685 407 812 465; x_wconf 90' lang='lat' dir='ltr'>aequore</span> <span class='ocrx_word' id='word_1_26' title='bbox 831 386 938 449; x_wconf 86' lang='lat' dir='ltr'>mersit.</span> 
     </span>
     <span class='ocr_line' id='line_1_5' title="bbox 107 465 964 544; baseline 0.001 -18"><span class='ocrx_word' id='word_1_27' title='bbox 107 471 121 500; x_wconf 90' lang='lat'>‘</span> <span class='ocrx_word' id='word_1_28' title='bbox 138 470 284 544; x_wconf 88' lang='lat' dir='ltr'><strong>Namque</strong></span> <span class='ocrx_word' id='word_1_29' title='bbox 305 469 526 544; x_wconf 83' lang='lat' dir='ltr'><strong>gubernaclum,</strong></span> <span class='ocrx_word' id='word_1_30' title='bbox 550 469 643 528; x_wconf 86' lang='lat' dir='ltr'>multa</span> <span class='ocrx_word' id='word_1_31' title='bbox 664 467 693 528; x_wconf 93' lang='lat' dir='ltr'>vi</span> <span class='ocrx_word' id='word_1_32' title='bbox 713 470 788 529; x_wconf 84' lang='lat' dir='ltr'>sorte</span> <span class='ocrx_word' id='word_1_33' title='bbox 808 465 964 542; x_wconf 88' lang='lat' dir='ltr'>revolsirm,</span> 
     </span>
     <span class='ocr_line' id='line_1_6' title="bbox 110 547 1120 626; baseline -0.002 -18"><span class='ocrx_word' id='word_1_34' title='bbox 110 547 204 608; x_wconf 91' lang='lat' dir='ltr'>‘Cui</span> <span class='ocrx_word' id='word_1_35' title='bbox 226 550 313 608; x_wconf 89' lang='lat' dir='ltr'>datus</span> <span class='ocrx_word' id='word_1_36' title='bbox 338 549 495 609; x_wconf 86' lang='lat' dir='ltr'>haerebam</span> <span class='ocrx_word' id='word_1_37' title='bbox 515 559 616 609; x_wconf 92' lang='lat' dir='ltr'>custos</span> <span class='ocrx_word' id='word_1_38' title='bbox 635 568 795 625; x_wconf 90' lang='lat' dir='ltr'>cursusque</span> <span class='ocrx_word' id='word_1_39' title='bbox 813 550 959 626; x_wconf 85' lang='lat' dir='ltr'>regebam,</span> <span class='ocrx_word' id='word_1_40' title='bbox 1063 565 1120 626; x_wconf 86' lang='lat'>350</span> 
     </span>
     <span class='ocr_line' id='line_1_7' title="bbox 112 626 927 706; baseline 0.004 -20"><span class='ocrx_word' id='word_1_41' title='bbox 112 626 346 705; x_wconf 87' lang='lat' dir='ltr'>‘Praecipitans</span> <span class='ocrx_word' id='word_1_42' title='bbox 368 628 441 694; x_wconf 83' lang='lat' dir='ltr'>traxi</span> <span class='ocrx_word' id='word_1_43' title='bbox 460 648 586 689; x_wconf 90' lang='lat' dir='ltr'>mecum.</span> <span class='ocrx_word' id='word_1_44' title='bbox 624 629 721 701; x_wconf 79' lang='lat' dir='ltr'>Maria</span> <span class='ocrx_word' id='word_1_45' title='bbox 741 649 843 706; x_wconf 90' lang='lat' dir='ltr'>aspera</span> <span class='ocrx_word' id='word_1_46' title='bbox 863 629 927 689; x_wconf 87' lang='lat' dir='ltr'>iuro</span> 
     </span>
     <span class='ocr_line' id='line_1_8' title="bbox 113 709 914 787; baseline 0 -19"><span class='ocrx_word' id='word_1_47' title='bbox 113 711 217 768; x_wconf 91' lang='lat' dir='ltr'>‘Non</span> <span class='ocrx_word' id='word_1_48' title='bbox 238 709 331 768; x_wconf 92' lang='lat' dir='ltr'>ullum</span> <span class='ocrx_word' id='word_1_49' title='bbox 354 728 408 785; x_wconf 92' lang='lat' dir='ltr'>pro</span> <span class='ocrx_word' id='word_1_50' title='bbox 426 728 475 769; x_wconf 89' lang='lat' dir='ltr'>me</span> <span class='ocrx_word' id='word_1_51' title='bbox 495 720 611 769; x_wconf 90' lang='lat' dir='ltr'>tanturn</span> <span class='ocrx_word' id='word_1_52' title='bbox 632 709 748 787; x_wconf 90' lang='lat' dir='ltr'>cepisse</span> <span class='ocrx_word' id='word_1_53' title='bbox 770 711 914 783; x_wconf 91' lang='lat' dir='ltr'>timorem,</span> 
     </span>
     <span class='ocr_line' id='line_1_9' title="bbox 115 789 958 867; baseline 0.001 -19"><span class='ocrx_word' id='word_1_54' title='bbox 115 790 244 863; x_wconf 89' lang='lat' dir='ltr'>‘Quam</span> <span class='ocrx_word' id='word_1_55' title='bbox 265 798 317 849; x_wconf 88' lang='lat' dir='ltr'>tua</span> <span class='ocrx_word' id='word_1_56' title='bbox 336 808 383 861; x_wconf 93' lang='lat' dir='ltr'>ne,</span> <span class='ocrx_word' id='word_1_57' title='bbox 405 789 530 867; x_wconf 89' lang='lat' dir='ltr'>spoliata</span> <span class='ocrx_word' id='word_1_58' title='bbox 550 789 645 864; x_wconf 89' lang='lat' dir='ltr'>armis,</span> <span class='ocrx_word' id='word_1_59' title='bbox 668 810 791 850; x_wconf 88' lang='lat' dir='ltr'>excussa</span> <span class='ocrx_word' id='word_1_60' title='bbox 811 790 958 867; x_wconf 85' lang='lat' dir='ltr'>magistro,</span> 
     </span>
     <span class='ocr_line' id='line_1_10' title="bbox 117 869 829 948; baseline 0.003 -20"><span class='ocrx_word' id='word_1_61' title='bbox 117 870 292 929; x_wconf 89' lang='lat' dir='ltr'>‘Defioeret</span> <span class='ocrx_word' id='word_1_62' title='bbox 313 869 401 930; x_wconf 90' lang='lat' dir='ltr'>tantis</span> <span class='ocrx_word' id='word_1_63' title='bbox 422 869 505 930; x_wconf 92' lang='lat' dir='ltr'>navis</span> <span class='ocrx_word' id='word_1_64' title='bbox 526 870 713 948; x_wconf 87' lang='lat' dir='ltr'>surgentibus</span> <span class='ocrx_word' id='word_1_65' title='bbox 733 869 829 930; x_wconf 88' lang='lat' dir='ltr'>undis.</span> 
     </span>
     <span class='ocr_line' id='line_1_11' title="bbox 118 949 1117 1027; baseline 0.002 -19"><span class='ocrx_word' id='word_1_66' title='bbox 118 951 218 1009; x_wconf 89' lang='lat' dir='ltr'>‘Tres</span> <span class='ocrx_word' id='word_1_67' title='bbox 241 950 340 1009; x_wconf 90' lang='lat' dir='ltr'>Notus</span> <span class='ocrx_word' id='word_1_68' title='bbox 359 950 496 1010; x_wconf 89' lang='lat' dir='ltr'>hibernas</span> <span class='ocrx_word' id='word_1_69' title='bbox 516 949 660 1010; x_wconf 92' lang='lat' dir='ltr'>immensa</span> <span class='ocrx_word' id='word_1_70' title='bbox 680 970 732 1027; x_wconf 90' lang='lat' dir='ltr'>per</span> <span class='ocrx_word' id='word_1_71' title='bbox 752 970 882 1027; x_wconf 87' lang='lat' dir='ltr'>aequora</span> <span class='ocrx_word' id='word_1_72' title='bbox 903 961 1006 1010; x_wconf 91' lang='lat' dir='ltr'>noctes</span> <span class='ocrx_word' id='word_1_73' title='bbox 1061 968 1117 1027; x_wconf 84' lang='lat'>355</span> 
     </span>
     <span class='ocr_line' id='line_1_12' title="bbox 120 1029 907 1107; baseline 0.004 -19"><span class='ocrx_word' id='word_1_74' title='bbox 120 1029 235 1090; x_wconf 88' lang='lat' dir='ltr'>‘Vexit</span> <span class='ocrx_word' id='word_1_75' title='bbox 255 1049 303 1089; x_wconf 91' lang='lat' dir='ltr'>me</span> <span class='ocrx_word' id='word_1_76' title='bbox 324 1029 471 1091; x_wconf 89' lang='lat' dir='ltr'>violentus</span> <span class='ocrx_word' id='word_1_77' title='bbox 492 1050 581 1107; x_wconf 90' lang='lat' dir='ltr'>aqua;</span> <span class='ocrx_word' id='word_1_78' title='bbox 602 1031 651 1091; x_wconf 90' lang='lat' dir='ltr'>vix</span> <span class='ocrx_word' id='word_1_79' title='bbox 671 1030 782 1091; x_wconf 90' lang='lat' dir='ltr'>lumine</span> <span class='ocrx_word' id='word_1_80' title='bbox 803 1041 907 1107; x_wconf 89' lang='lat' dir='ltr'>quarto</span> 
     </span>
     <span class='ocr_line' id='line_1_13' title="bbox 120 1109 877 1186; baseline 0.003 -18"><span class='ocrx_word' id='word_1_81' title='bbox 120 1109 286 1186; x_wconf 87' lang='lat' dir='ltr'>‘Prospexi</span> <span class='ocrx_word' id='word_1_82' title='bbox 306 1109 423 1170; x_wconf 90' lang='lat' dir='ltr'>Italiam</span> <span class='ocrx_word' id='word_1_83' title='bbox 444 1131 560 1171; x_wconf 89' lang='lat' dir='ltr'>summa</span> <span class='ocrx_word' id='word_1_84' title='bbox 579 1110 712 1172; x_wconf 90' lang='lat' dir='ltr'>sublimis</span> <span class='ocrx_word' id='word_1_85' title='bbox 731 1113 770 1171; x_wconf 92' lang='lat' dir='ltr'>ab</span> <span class='ocrx_word' id='word_1_86' title='bbox 791 1113 877 1171; x_wconf 83' lang='lat' dir='ltr'>unda</span> 
     </span>
     <span class='ocr_line' id='line_1_14' title="bbox 120 1190 919 1265; baseline 0 -16"><span class='ocrx_word' id='word_1_87' title='bbox 120 1190 291 1251; x_wconf 85' lang='lat' dir='ltr'>‘Paulatim</span> <span class='ocrx_word' id='word_1_88' title='bbox 312 1192 461 1251; x_wconf 90' lang='lat' dir='ltr'>adnabam</span> <span class='ocrx_word' id='word_1_89' title='bbox 482 1202 587 1252; x_wconf 89' lang='lat' dir='ltr'>terrae:</span> <span class='ocrx_word' id='word_1_90' title='bbox 608 1192 668 1252; x_wconf 92' lang='lat' dir='ltr'>iam</span> <span class='ocrx_word' id='word_1_91' title='bbox 689 1203 752 1252; x_wconf 91' lang='lat' dir='ltr'>tuta</span> <span class='ocrx_word' id='word_1_92' title='bbox 772 1192 919 1265; x_wconf 88' lang='lat' dir='ltr'>tenebam,</span> 
     </span>
     <span class='ocr_line' id='line_1_15' title="bbox 119 1270 927 1349; baseline 0.002 -20"><span class='ocrx_word' id='word_1_93' title='bbox 119 1270 185 1330; x_wconf 89' lang='lat' dir='ltr'>‘Ni</span> <span class='ocrx_word' id='word_1_94' title='bbox 204 1291 278 1348; x_wconf 89' lang='lat' dir='ltr'>gens</span> <span class='ocrx_word' id='word_1_95' title='bbox 299 1271 425 1332; x_wconf 87' lang='lat' dir='ltr'>crudelis</span> <span class='ocrx_word' id='word_1_96' title='bbox 446 1271 566 1332; x_wconf 86' lang='lat' dir='ltr'>madida</span> <span class='ocrx_word' id='word_1_97' title='bbox 587 1292 656 1332; x_wconf 91' lang='lat' dir='ltr'>cum</span> <span class='ocrx_word' id='word_1_98' title='bbox 676 1284 757 1332; x_wconf 90' lang='lat' dir='ltr'>veste</span> <span class='ocrx_word' id='word_1_99' title='bbox 777 1283 927 1349; x_wconf 89' lang='lat' dir='ltr'>gravatum</span> 
     </span>
     <span class='ocr_line' id='line_1_16' title="bbox 121 1352 1119 1429; baseline 0.002 -19"><span class='ocrx_word' id='word_1_100' title='bbox 121 1353 396 1429; x_wconf 89' lang='lat' dir='ltr'>‘Prensantemque</span> <span class='ocrx_word' id='word_1_101' title='bbox 417 1353 502 1412; x_wconf 92' lang='lat' dir='ltr'>uncis</span> <span class='ocrx_word' id='word_1_102' title='bbox 523 1353 660 1413; x_wconf 90' lang='lat' dir='ltr'>manibus</span> <span class='ocrx_word' id='word_1_103' title='bbox 681 1352 779 1429; x_wconf 86' lang='lat' dir='ltr'>capita</span> <span class='ocrx_word' id='word_1_104' title='bbox 799 1372 902 1429; x_wconf 87' lang='lat' dir='ltr'>aspera</span> <span class='ocrx_word' id='word_1_105' title='bbox 922 1352 1031 1412; x_wconf 91' lang='lat' dir='ltr'>montis</span> <span class='ocrx_word' id='word_1_106' title='bbox 1059 1355 1119 1428; x_wconf 84' lang='lat'>360</span> 
     </span>
     <span class='ocr_line' id='line_1_17' title="bbox 122 1432 918 1510; baseline 0 -20"><span class='ocrx_word' id='word_1_107' title='bbox 122 1433 234 1492; x_wconf 88' lang='lat' dir='ltr'>‘Ferro</span> <span class='ocrx_word' id='word_1_108' title='bbox 254 1432 416 1505; x_wconf 89' lang='lat' dir='ltr'>invasisset,</span> <span class='ocrx_word' id='word_1_109' title='bbox 438 1434 639 1510; x_wconf 88' lang='lat' dir='ltr'>praedamque</span> <span class='ocrx_word' id='word_1_110' title='bbox 659 1433 759 1510; x_wconf 86' lang='lat' dir='ltr'>ignara</span> <span class='ocrx_word' id='word_1_111' title='bbox 779 1444 918 1509; x_wconf 89' lang='lat' dir='ltr'>putasset.</span> 
     </span>
     <span class='ocr_line' id='line_1_18' title="bbox 121 1512 1010 1590; baseline 0.002 -20"><span class='ocrx_word' id='word_1_112' title='bbox 121 1514 234 1571; x_wconf 91' lang='lat' dir='ltr'>‘Nunc</span> <span class='ocrx_word' id='word_1_113' title='bbox 255 1531 303 1572; x_wconf 91' lang='lat' dir='ltr'>me</span> <span class='ocrx_word' id='word_1_114' title='bbox 323 1513 430 1572; x_wconf 88' lang='lat' dir='ltr'>fluctus</span> <span class='ocrx_word' id='word_1_115' title='bbox 451 1514 549 1586; x_wconf 89' lang='lat' dir='ltr'>habet,</span> <span class='ocrx_word' id='word_1_116' title='bbox 570 1525 745 1590; x_wconf 88' lang='lat' dir='ltr'>versantque</span> <span class='ocrx_word' id='word_1_117' title='bbox 767 1514 798 1572; x_wconf 91' lang='lat' dir='ltr'>in</span> <span class='ocrx_word' id='word_1_118' title='bbox 818 1512 901 1573; x_wconf 87' lang='lat' dir='ltr'>litore</span> <span class='ocrx_word' id='word_1_119' title='bbox 922 1513 1010 1575; x_wconf 77' lang='lat' dir='ltr'>venti,</span> 
     </span>
     <span class='ocr_line' id='line_1_19' title="bbox 123 1592 922 1670; baseline 0.001 -18"><span class='ocrx_word' id='word_1_120' title='bbox 123 1594 237 1667; x_wconf 89' lang='lat' dir='ltr'>‘Quod</span> <span class='ocrx_word' id='word_1_121' title='bbox 257 1604 286 1653; x_wconf 91' lang='lat' dir='ltr'>te</span> <span class='ocrx_word' id='word_1_122' title='bbox 308 1613 361 1670; x_wconf 90' lang='lat' dir='ltr'>per</span> <span class='ocrx_word' id='word_1_123' title='bbox 381 1592 455 1652; x_wconf 90' lang='lat' dir='ltr'>caeli</span> <span class='ocrx_word' id='word_1_124' title='bbox 475 1593 638 1653; x_wconf 91' lang='lat' dir='ltr'>iucundum</span> <span class='ocrx_word' id='word_1_125' title='bbox 658 1596 759 1653; x_wconf 92' lang='lat' dir='ltr'>lumen</span> <span class='ocrx_word' id='word_1_126' title='bbox 780 1604 809 1653; x_wconf 92' lang='lat' dir='ltr'>et</span> <span class='ocrx_word' id='word_1_127' title='bbox 830 1614 922 1665; x_wconf 89' lang='lat' dir='ltr'>auras,</span> 
     </span>
     <span class='ocr_line' id='line_1_20' title="bbox 122 1673 880 1751; baseline 0 -20"><span class='ocrx_word' id='word_1_128' title='bbox 122 1675 200 1731; x_wconf 89' lang='lat' dir='ltr'>‘Per</span> <span class='ocrx_word' id='word_1_129' title='bbox 219 1673 383 1750; x_wconf 88' lang='lat' dir='ltr'>genitorem</span> <span class='ocrx_word' id='word_1_130' title='bbox 404 1693 466 1746; x_wconf 92' lang='lat' dir='ltr'>oro,</span> <span class='ocrx_word' id='word_1_131' title='bbox 487 1693 540 1750; x_wconf 91' lang='lat' dir='ltr'>per</span> <span class='ocrx_word' id='word_1_132' title='bbox 560 1693 628 1750; x_wconf 83' lang='lat' dir='ltr'>spes</span> <span class='ocrx_word' id='word_1_133' title='bbox 648 1673 792 1751; x_wconf 87' lang='lat' dir='ltr'>surgentis</span> <span class='ocrx_word' id='word_1_134' title='bbox 814 1675 880 1746; x_wconf 92' lang='lat' dir='ltr'>Iuli,</span> 
     </span>
     <span class='ocr_line' id='line_1_21' title="bbox 123 1751 1115 1832; baseline 0.002 -20"><span class='ocrx_word' id='word_1_135' title='bbox 123 1751 232 1829; x_wconf 88' lang='lat' dir='ltr'>‘Eripe</span> <span class='ocrx_word' id='word_1_136' title='bbox 254 1773 302 1814; x_wconf 86' lang='lat' dir='ltr'>me</span> <span class='ocrx_word' id='word_1_137' title='bbox 323 1753 378 1826; x_wconf 93' lang='lat' dir='ltr'>his,</span> <span class='ocrx_word' id='word_1_138' title='bbox 400 1753 516 1827; x_wconf 90' lang='lat' dir='ltr'>invicte,</span> <span class='ocrx_word' id='word_1_139' title='bbox 537 1754 634 1814; x_wconf 88' lang='lat' dir='ltr'>malis:</span> <span class='ocrx_word' id='word_1_140' title='bbox 656 1765 705 1814; x_wconf 87' lang='lat' dir='ltr'>aut</span> <span class='ocrx_word' id='word_1_141' title='bbox 726 1765 758 1813; x_wconf 89' lang='lat' dir='ltr'>tu</span> <span class='ocrx_word' id='word_1_142' title='bbox 779 1753 852 1813; x_wconf 91' lang='lat' dir='ltr'>mihi</span> <span class='ocrx_word' id='word_1_143' title='bbox 873 1766 977 1813; x_wconf 88' lang='lat' dir='ltr'>terram</span> <span class='ocrx_word' id='word_1_144' title='bbox 1060 1758 1115 1832; x_wconf 84' lang='lat'>365</span> 
     </span>
     <span class='ocr_line' id='line_1_22' title="bbox 123 1833 979 1911; baseline 0.001 -20"><span class='ocrx_word' id='word_1_145' title='bbox 123 1834 237 1906; x_wconf 91' lang='lat' dir='ltr'>‘Inice,</span> <span class='ocrx_word' id='word_1_146' title='bbox 259 1854 389 1911; x_wconf 88' lang='lat' dir='ltr'>namque</span> <span class='ocrx_word' id='word_1_147' title='bbox 409 1844 503 1911; x_wconf 91' lang='lat' dir='ltr'>potes,</span> <span class='ocrx_word' id='word_1_148' title='bbox 526 1845 687 1910; x_wconf 90' lang='lat' dir='ltr'>portusque</span> <span class='ocrx_word' id='word_1_149' title='bbox 707 1834 822 1910; x_wconf 88' lang='lat' dir='ltr'>require</span> <span class='ocrx_word' id='word_1_150' title='bbox 842 1833 979 1908; x_wconf 79' lang='lat' dir='ltr'>Velin0s3</span> 
     </span>
     <span class='ocr_line' id='line_1_23' title="bbox 123 1913 996 1991; baseline 0.001 -19"><span class='ocrx_word' id='word_1_151' title='bbox 123 1917 204 1972; x_wconf 89' lang='lat' dir='ltr'>‘Aut</span> <span class='ocrx_word' id='word_1_152' title='bbox 224 1925 265 1988; x_wconf 89' lang='lat' dir='ltr'>tu,</span> <span class='ocrx_word' id='word_1_153' title='bbox 287 1915 312 1975; x_wconf 93' lang='lat' dir='ltr'>si</span> <span class='ocrx_word' id='word_1_154' title='bbox 333 1934 393 1991; x_wconf 90' lang='lat' dir='ltr'>qua</span> <span class='ocrx_word' id='word_1_155' title='bbox 412 1913 459 1974; x_wconf 89' lang='lat' dir='ltr'>via</span> <span class='ocrx_word' id='word_1_156' title='bbox 479 1924 532 1986; x_wconf 89' lang='lat' dir='ltr'>est,</span> <span class='ocrx_word' id='word_1_157' title='bbox 554 1913 579 1973; x_wconf 92' lang='lat' dir='ltr'>si</span> <span class='ocrx_word' id='word_1_158' title='bbox 600 1933 689 1990; x_wconf 92' lang='lat' dir='ltr'>quam</span> <span class='ocrx_word' id='word_1_159' title='bbox 710 1915 764 1975; x_wconf 91' lang='lat' dir='ltr'>tibi</span> <span class='ocrx_word' id='word_1_160' title='bbox 784 1914 852 1974; x_wconf 86' lang='lat' dir='ltr'>diva</span> <span class='ocrx_word' id='word_1_161' title='bbox 872 1915 996 1973; x_wconf 83' lang='lat' dir='ltr'>creatrix</span> 
     </span>
     <span class='ocr_line' id='line_1_24' title="bbox 123 1993 993 2074; baseline -0.003 -20"><span class='ocrx_word' id='word_1_162' title='bbox 123 1995 283 2056; x_wconf 87' lang='lat' dir='ltr'>‘Ostendit</span> <span class='ocrx_word' id='word_1_163' title='bbox 305 1994 415 2074; x_wconf 91' lang='lat' dir='ltr'>(neque</span> <span class='ocrx_word' id='word_1_164' title='bbox 436 1993 524 2065; x_wconf 90' lang='lat' dir='ltr'>enim,</span> <span class='ocrx_word' id='word_1_165' title='bbox 546 1996 643 2066; x_wconf 88' lang='lat' dir='ltr'>ered0,</span> <span class='ocrx_word' id='word_1_166' title='bbox 667 1994 730 2054; x_wconf 91' lang='lat' dir='ltr'>sine</span> <span class='ocrx_word' id='word_1_167' title='bbox 751 1993 872 2054; x_wconf 90' lang='lat' dir='ltr'>numine</span> <span class='ocrx_word' id='word_1_168' title='bbox 892 1995 993 2053; x_wconf 90' lang='lat' dir='ltr'>divom</span> 
     </span>
     <span class='ocr_line' id='line_1_25' title="bbox 123 2075 1002 2152; baseline -0.002 -19"><span class='ocrx_word' id='word_1_169' title='bbox 123 2075 281 2135; x_wconf 88' lang='lat' dir='ltr'>‘Flumina</span> <span class='ocrx_word' id='word_1_170' title='bbox 301 2086 383 2135; x_wconf 87' lang='lat' dir='ltr'>tanta</span> <span class='ocrx_word' id='word_1_171' title='bbox 402 2094 487 2151; x_wconf 85' lang='lat' dir='ltr'>paras</span> <span class='ocrx_word' id='word_1_172' title='bbox 507 2075 696 2152; x_wconf 87' lang='lat' dir='ltr'>Stygiamque</span> <span class='ocrx_word' id='word_1_173' title='bbox 717 2075 819 2134; x_wconf 88' lang='lat' dir='ltr'>innare</span> <span class='ocrx_word' id='word_1_174' title='bbox 840 2075 1002 2151; x_wconf 82' lang='lat' dir='ltr'>paludem),</span> 
     </span>
     <span class='ocr_line' id='line_1_26' title="bbox 51 2155 1116 2230; baseline -0.003 -16"><span class='ocrx_word' id='word_1_175' title='bbox 51 2195 55 2200; x_wconf 93' lang='lat'><em>-</em></span> <span class='ocrx_word' id='word_1_176' title='bbox 123 2157 192 2214; x_wconf 90' lang='lat' dir='ltr'>‘Da</span> <span class='ocrx_word' id='word_1_177' title='bbox 212 2156 344 2216; x_wconf 87' lang='lat' dir='ltr'>dextram</span> <span class='ocrx_word' id='word_1_178' title='bbox 365 2156 481 2228; x_wconf 90' lang='lat' dir='ltr'>misero,</span> <span class='ocrx_word' id='word_1_179' title='bbox 504 2165 534 2215; x_wconf 87' lang='lat' dir='ltr'>et</span> <span class='ocrx_word' id='word_1_180' title='bbox 555 2166 653 2214; x_wconf 91' lang='lat' dir='ltr'>tecum</span> <span class='ocrx_word' id='word_1_181' title='bbox 674 2174 722 2214; x_wconf 92' lang='lat' dir='ltr'>me</span> <span class='ocrx_word' id='word_1_182' title='bbox 743 2157 814 2215; x_wconf 91' lang='lat' dir='ltr'>tolle</span> <span class='ocrx_word' id='word_1_183' title='bbox 835 2174 887 2230; x_wconf 90' lang='lat' dir='ltr'>per</span> <span class='ocrx_word' id='word_1_184' title='bbox 907 2155 1016 2227; x_wconf 75' lang='lat' dir='ltr'>undas,</span> <span class='ocrx_word' id='word_1_185' title='bbox 1057 2170 1116 2229; x_wconf 87' lang='lat'>370</span> 
     </span>
     <span class='ocr_line' id='line_1_27' title="bbox 124 2235 945 2310; baseline -0.005 -14"><span class='ocrx_word' id='word_1_186' title='bbox 124 2235 269 2296; x_wconf 90' lang='lat' dir='ltr'>‘Sedibus</span> <span class='ocrx_word' id='word_1_187' title='bbox 288 2247 322 2296; x_wconf 91' lang='lat' dir='ltr'>ut</span> <span class='ocrx_word' id='word_1_188' title='bbox 342 2237 446 2296; x_wconf 89' lang='lat' dir='ltr'>saltem</span> <span class='ocrx_word' id='word_1_189' title='bbox 467 2235 590 2310; x_wconf 88' lang='lat' dir='ltr'>placidis</span> <span class='ocrx_word' id='word_1_190' title='bbox 611 2235 642 2294; x_wconf 92' lang='lat' dir='ltr'>in</span> <span class='ocrx_word' id='word_1_191' title='bbox 663 2246 758 2294; x_wconf 92' lang='lat' dir='ltr'>morte</span> <span class='ocrx_word' id='word_1_192' title='bbox 779 2235 945 2310; x_wconf 88' lang='lat' dir='ltr'>quiescam&#39;</span> 
     </span>
     <span class='ocr_line' id='line_1_28' title="bbox 122 2315 809 2392; baseline 0 -18"><span class='ocrx_word' id='word_1_193' title='bbox 122 2315 211 2380; x_wconf 88' lang='lat' dir='ltr'>Talia</span> <span class='ocrx_word' id='word_1_194' title='bbox 230 2318 307 2376; x_wconf 86' lang='lat' dir='ltr'>fatus</span> <span class='ocrx_word' id='word_1_195' title='bbox 327 2327 397 2389; x_wconf 90' lang='lat' dir='ltr'>erat,</span> <span class='ocrx_word' id='word_1_196' title='bbox 418 2315 517 2392; x_wconf 89' lang='lat' dir='ltr'>coepit</span> <span class='ocrx_word' id='word_1_197' title='bbox 537 2335 605 2374; x_wconf 92' lang='lat' dir='ltr'>cum</span> <span class='ocrx_word' id='word_1_198' title='bbox 626 2315 696 2375; x_wconf 85' lang='lat' dir='ltr'>talia</span> <span class='ocrx_word' id='word_1_199' title='bbox 716 2326 809 2375; x_wconf 90' lang='lat' dir='ltr'>vates:</span> 
     </span>
     <span class='ocr_line' id='line_1_29' title="bbox 125 2395 942 2473; baseline -0.004 -16"><span class='ocrx_word' id='word_1_200' title='bbox 125 2397 235 2457; x_wconf 90' lang='lat' dir='ltr'>‘Unde</span> <span class='ocrx_word' id='word_1_201' title='bbox 256 2398 337 2470; x_wconf 86' lang='lat' dir='ltr'>haec,</span> <span class='ocrx_word' id='word_1_202' title='bbox 360 2416 379 2456; x_wconf 97' lang='lat' dir='ltr'>o</span> <span class='ocrx_word' id='word_1_203' title='bbox 402 2396 546 2470; x_wconf 92' lang='lat' dir='ltr'>Palinure,</span> <span class='ocrx_word' id='word_1_204' title='bbox 568 2395 622 2456; x_wconf 89' lang='lat' dir='ltr'>tibi</span> <span class='ocrx_word' id='word_1_205' title='bbox 643 2408 703 2456; x_wconf 88' lang='lat' dir='ltr'>tam</span> <span class='ocrx_word' id='word_1_206' title='bbox 725 2397 788 2456; x_wconf 91' lang='lat' dir='ltr'>dira</span> <span class='ocrx_word' id='word_1_207' title='bbox 808 2395 942 2473; x_wconf 91' lang='lat' dir='ltr'>cupido?</span> 
     </span>
     <span class='ocr_line' id='line_1_30' title="bbox 125 2477 976 2554; baseline 0 -19"><span class='ocrx_word' id='word_1_208' title='bbox 125 2480 190 2535; x_wconf 91' lang='lat' dir='ltr'>‘Tu</span> <span class='ocrx_word' id='word_1_209' title='bbox 211 2477 324 2554; x_wconf 88' lang='lat' dir='ltr'>Stygias</span> <span class='ocrx_word' id='word_1_210' title='bbox 344 2477 514 2536; x_wconf 86' lang='lat' dir='ltr'>inhumatus</span> <span class='ocrx_word' id='word_1_211' title='bbox 534 2495 626 2552; x_wconf 92' lang='lat' dir='ltr'>aquas</span> <span class='ocrx_word' id='word_1_212' title='bbox 646 2496 824 2554; x_wconf 90' lang='lat' dir='ltr'>amnemque</span> <span class='ocrx_word' id='word_1_213' title='bbox 845 2496 976 2537; x_wconf 87' lang='lat' dir='ltr'>severum</span> 
     </span>
     <span class='ocr_line' id='line_1_31' title="bbox 125 2556 1114 2633; baseline 0.003 -18"><span class='ocrx_word' id='word_1_214' title='bbox 125 2557 345 2616; x_wconf 90' lang='lat' dir='ltr'>‘Eumenidum</span> <span class='ocrx_word' id='word_1_215' title='bbox 366 2556 499 2633; x_wconf 89' lang='lat' dir='ltr'>aspicies,</span> <span class='ocrx_word' id='word_1_216' title='bbox 521 2556 653 2632; x_wconf 87' lang='lat' dir='ltr'>ripamve</span> <span class='ocrx_word' id='word_1_217' title='bbox 673 2557 800 2618; x_wconf 89' lang='lat' dir='ltr'>iniussus</span> <span class='ocrx_word' id='word_1_218' title='bbox 821 2557 940 2618; x_wconf 88' lang='lat' dir='ltr'>adibis?</span> <span class='ocrx_word' id='word_1_219' title='bbox 1059 2573 1114 2633; x_wconf 83' lang='lat'>375</span> 
     </span>
     <span class='ocr_line' id='line_1_32' title="bbox 124 2636 855 2714; baseline 0 -18"><span class='ocrx_word' id='word_1_220' title='bbox 124 2636 255 2698; x_wconf 87' lang='lat' dir='ltr'>‘Desine</span> <span class='ocrx_word' id='word_1_221' title='bbox 274 2639 335 2696; x_wconf 90' lang='lat' dir='ltr'>fata</span> <span class='ocrx_word' id='word_1_222' title='bbox 354 2638 445 2697; x_wconf 92' lang='lat' dir='ltr'>deum</span> <span class='ocrx_word' id='word_1_223' title='bbox 464 2637 542 2697; x_wconf 89' lang='lat' dir='ltr'>flecti</span> <span class='ocrx_word' id='word_1_224' title='bbox 563 2657 678 2713; x_wconf 88' lang='lat' dir='ltr'>sperare</span> <span class='ocrx_word' id='word_1_225' title='bbox 698 2639 855 2714; x_wconf 90' lang='lat' dir='ltr'>precando.</span> 
     </span>
     <span class='ocr_line' id='line_1_33' title="bbox 126 2717 869 2795; baseline -0.001 -17"><span class='ocrx_word' id='word_1_226' title='bbox 126 2719 202 2778; x_wconf 90' lang='lat' dir='ltr'>‘Sed</span> <span class='ocrx_word' id='word_1_227' title='bbox 223 2737 297 2795; x_wconf 89' lang='lat' dir='ltr'>cape</span> <span class='ocrx_word' id='word_1_228' title='bbox 318 2717 398 2777; x_wconf 89' lang='lat' dir='ltr'>dicta</span> <span class='ocrx_word' id='word_1_229' title='bbox 418 2736 538 2790; x_wconf 91' lang='lat' dir='ltr'>memor,</span> <span class='ocrx_word' id='word_1_230' title='bbox 561 2717 626 2776; x_wconf 93' lang='lat' dir='ltr'>duri</span> <span class='ocrx_word' id='word_1_231' title='bbox 647 2717 757 2777; x_wconf 92' lang='lat' dir='ltr'>solacia</span> <span class='ocrx_word' id='word_1_232' title='bbox 777 2737 869 2777; x_wconf 89' lang='lat' dir='ltr'>casus.</span> 
     </span>
     <span class='ocr_line' id='line_1_34' title="bbox 125 2797 870 2874; baseline 0.003 -18"><span class='ocrx_word' id='word_1_233' title='bbox 125 2799 222 2856; x_wconf 89' lang='lat' dir='ltr'>‘Nam</span> <span class='ocrx_word' id='word_1_234' title='bbox 242 2809 295 2857; x_wconf 89' lang='lat' dir='ltr'>tua</span> <span class='ocrx_word' id='word_1_235' title='bbox 314 2797 439 2868; x_wconf 89' lang='lat' dir='ltr'>finitimi,</span> <span class='ocrx_word' id='word_1_236' title='bbox 460 2799 549 2874; x_wconf 90' lang='lat' dir='ltr'>longe</span> <span class='ocrx_word' id='word_1_237' title='bbox 569 2799 688 2872; x_wconf 88' lang='lat' dir='ltr'>lateque</span> <span class='ocrx_word' id='word_1_238' title='bbox 710 2817 763 2874; x_wconf 90' lang='lat' dir='ltr'>per</span> <span class='ocrx_word' id='word_1_239' title='bbox 782 2799 870 2858; x_wconf 89' lang='lat' dir='ltr'>urbes</span> 
     </span>
     <span class='ocr_line' id='line_1_35' title="bbox 123 2877 810 2955; baseline -0.003 -18"><span class='ocrx_word' id='word_1_240' title='bbox 123 2877 287 2955; x_wconf 87' lang='lat' dir='ltr'>‘Prodigiis</span> <span class='ocrx_word' id='word_1_241' title='bbox 308 2877 366 2937; x_wconf 91' lang='lat' dir='ltr'>acti</span> <span class='ocrx_word' id='word_1_242' title='bbox 387 2878 570 2949; x_wconf 90' lang='lat' dir='ltr'>caelestibus,</span> <span class='ocrx_word' id='word_1_243' title='bbox 592 2896 659 2937; x_wconf 89' lang='lat' dir='ltr'>ossa</span> <span class='ocrx_word' id='word_1_244' title='bbox 678 2878 810 2953; x_wconf 90' lang='lat' dir='ltr'>piabunt,</span> 
     </span>
     <span class='ocr_line' id='line_1_36' title="bbox 124 2955 1117 3035; baseline 0 -18"><span class='ocrx_word' id='word_1_245' title='bbox 124 2960 182 3018; x_wconf 91' lang='lat' dir='ltr'>‘Et</span> <span class='ocrx_word' id='word_1_246' title='bbox 202 2968 332 3018; x_wconf 86' lang='lat' dir='ltr'>statuent</span> <span class='ocrx_word' id='word_1_247' title='bbox 353 2960 507 3031; x_wconf 91' lang='lat' dir='ltr'>tumulum,</span> <span class='ocrx_word' id='word_1_248' title='bbox 530 2968 560 3018; x_wconf 91' lang='lat' dir='ltr'>et</span> <span class='ocrx_word' id='word_1_249' title='bbox 579 2958 695 3017; x_wconf 92' lang='lat' dir='ltr'>tumulo</span> <span class='ocrx_word' id='word_1_250' title='bbox 716 2955 870 3017; x_wconf 90' lang='lat' dir='ltr'>sollemnia</span> <span class='ocrx_word' id='word_1_251' title='bbox 890 2955 1015 3031; x_wconf 89' lang='lat' dir='ltr'>mittent,</span> <span class='ocrx_word' id='word_1_252' title='bbox 1059 2961 1117 3035; x_wconf 88' lang='lat'>380</span> 
     </span>
     <span class='ocr_line' id='line_1_37' title="bbox 123 3037 908 3114; baseline -0.001 -18"><span class='ocrx_word' id='word_1_253' title='bbox 123 3040 363 3114; x_wconf 88' lang='lat' dir='ltr'>‘Aeternumque</span> <span class='ocrx_word' id='word_1_254' title='bbox 382 3039 466 3098; x_wconf 90' lang='lat' dir='ltr'>locus</span> <span class='ocrx_word' id='word_1_255' title='bbox 487 3037 616 3097; x_wconf 90' lang='lat' dir='ltr'>Palinuri</span> <span class='ocrx_word' id='word_1_256' title='bbox 638 3057 749 3098; x_wconf 91' lang='lat' dir='ltr'>nomen</span> <span class='ocrx_word' id='word_1_257' title='bbox 770 3037 908 3098; x_wconf 70' lang='lat' dir='ltr'>habebit!</span> 
     </span>
     <span class='ocr_line' id='line_1_38' title="bbox 124 3117 905 3196; baseline -0.001 -18"><span class='ocrx_word' id='word_1_258' title='bbox 124 3117 184 3178; x_wconf 91' lang='lat' dir='ltr'>His</span> <span class='ocrx_word' id='word_1_259' title='bbox 204 3118 292 3178; x_wconf 90' lang='lat' dir='ltr'>dictis</span> <span class='ocrx_word' id='word_1_260' title='bbox 312 3138 399 3178; x_wconf 89' lang='lat' dir='ltr'>curae</span> <span class='ocrx_word' id='word_1_261' title='bbox 420 3129 544 3191; x_wconf 88' lang='lat' dir='ltr'>emotae,</span> <span class='ocrx_word' id='word_1_262' title='bbox 566 3119 727 3195; x_wconf 87' lang='lat' dir='ltr'>pulsusque</span> <span class='ocrx_word' id='word_1_263' title='bbox 747 3137 905 3196; x_wconf 88' lang='lat' dir='ltr'>parumper</span> 
     </span>
     <span class='ocr_line' id='line_1_39' title="bbox 125 3196 874 3276; baseline -0.001 -16"><span class='ocrx_word' id='word_1_264' title='bbox 125 3201 224 3260; x_wconf 88' lang='lat' dir='ltr'>Corde</span> <span class='ocrx_word' id='word_1_265' title='bbox 245 3200 331 3259; x_wconf 92' lang='lat' dir='ltr'>dolor</span> <span class='ocrx_word' id='word_1_266' title='bbox 350 3196 439 3260; x_wconf 88' lang='lat' dir='ltr'>tristi:</span> <span class='ocrx_word' id='word_1_267' title='bbox 462 3201 571 3274; x_wconf 89' lang='lat' dir='ltr'>gaudet</span> <span class='ocrx_word' id='word_1_268' title='bbox 592 3197 769 3276; x_wconf 86' lang='lat' dir='ltr'>cognomine</span> <span class='ocrx_word' id='word_1_269' title='bbox 793 3210 874 3259; x_wconf 83' lang='lat' dir='ltr'>terra</span> 
     </span>
    </p>

    <p class='ocr_par' dir='ltr' id='par_1_3' title="bbox 125 3277 1115 3435">
     <span class='ocr_line' id='line_1_40' title="bbox 165 3277 1051 3357; baseline -0.001 -19"><span class='ocrx_word' id='word_1_270' title='bbox 165 3281 244 3355; x_wconf 91' lang='lat' dir='ltr'>Ergo</span> <span class='ocrx_word' id='word_1_271' title='bbox 265 3278 320 3337; x_wconf 90' lang='lat' dir='ltr'>iter</span> <span class='ocrx_word' id='word_1_272' title='bbox 340 3277 491 3354; x_wconf 90' lang='lat' dir='ltr'>inceptum</span> <span class='ocrx_word' id='word_1_273' title='bbox 511 3288 655 3355; x_wconf 87' lang='lat' dir='ltr'>peragunt</span> <span class='ocrx_word' id='word_1_274' title='bbox 675 3278 824 3356; x_wconf 90' lang='lat' dir='ltr'>fluvioque</span> <span class='ocrx_word' id='word_1_275' title='bbox 845 3279 1051 3357; x_wconf 87' lang='lat' dir='ltr'>propinquant.</span> 
     </span>
     <span class='ocr_line' id='line_1_41' title="bbox 125 3356 1115 3435; baseline -0.009 -16"><span class='ocrx_word' id='word_1_276' title='bbox 125 3358 233 3419; x_wconf 88' lang='lat' dir='ltr'>Navita</span> <span class='ocrx_word' id='word_1_277' title='bbox 253 3377 328 3433; x_wconf 90' lang='lat' dir='ltr'>quos</span> <span class='ocrx_word' id='word_1_278' title='bbox 349 3359 408 3416; x_wconf 87' lang='lat' dir='ltr'>iam</span> <span class='ocrx_word' id='word_1_279' title='bbox 429 3356 499 3417; x_wconf 89' lang='lat' dir='ltr'>inde</span> <span class='ocrx_word' id='word_1_280' title='bbox 518 3368 551 3418; x_wconf 90' lang='lat' dir='ltr'>ut</span> <span class='ocrx_word' id='word_1_281' title='bbox 572 3357 670 3435; x_wconf 88' lang='lat' dir='ltr'>Stygia</span> <span class='ocrx_word' id='word_1_282' title='bbox 690 3360 839 3435; x_wconf 86' lang='lat' dir='ltr'>prospexit</span> <span class='ocrx_word' id='word_1_283' title='bbox 859 3361 897 3419; x_wconf 91' lang='lat' dir='ltr'>ab</span> <span class='ocrx_word' id='word_1_284' title='bbox 917 3360 998 3415; x_wconf 86' lang='lat' dir='ltr'>unda</span> <span class='ocrx_word' id='word_1_285' title='bbox 1060 3359 1115 3430; x_wconf 86' lang='grc'>385</span> 
     </span>
    </p>
   </div>
   <div class='ocr_carea' id='block_1_3' title="bbox 0 0 1257 3678">
    <p class='ocr_par' dir='ltr' id='par_1_4' title="bbox 0 0 1257 3678">
     <span class='ocr_line' id='line_1_42' title="bbox 0 0 1257 3678; baseline 0 0"><span class='ocrx_word' id='word_1_286' title='bbox 0 0 1257 3678; x_wconf 95' lang='lat' dir='ltr'> </span> 
     </span>
    </p>
   </div>
  </div>
 </body>
</html>
