2460 3686
135 69 193 124 204
385 55 421 112 P.
457 55 648 113 VERGILI
669 54 881 113 MARONIS

175 179 246 238 Nox
265 186 335 248 erat,
357 187 388 236 et
408 175 490 236 terris
511 175 650 235 animalia
669 195 790 236 somnus
810 176 956 237 habebat:

135 257 253 334 Effigies
274 277 373 318 sacrae
394 256 494 316 divom
516 257 692 332 Phrygiique
713 260 847 328 Penates,

135 338 220 412 Quos
240 357 357 398 mecum
378 337 416 396 ab
437 336 528 396 Troia
549 337 713 413 mediisque
733 357 770 396 ex
789 337 908 414 ignibus
928 336 1011 397 urbis

134 419 314 491 Extuleram,
335 416 389 477 visi
409 428 478 478 aute
499 419 602 477 oculos
622 430 717 476 astare
737 417 861 477 iacentis
1078 435 1134 491 150

134 499 172 556 In
192 497 314 570 somnis,
336 498 430 556 multo
451 497 598 556 manifesti
618 498 737 568 lumine,
760 517 872 574 quase

134 579 226 638 Plena
245 597 298 656 per
318 576 440 638 insertas
460 579 604 638 fundebat
624 578 695 637 luna
714 580 864 649 fenestras,

133 661 211 718 Tum
232 658 274 718 sic
294 658 387 718 adfari
406 670 437 718 et
457 677 540 717 curas
562 658 606 716 his
627 659 746 718 demere
768 659 870 718 dictis:

135 739 239 812 ‘Quod
260 738 313 798 tibi
334 739 433 798 delato
455 737 606 816 Ortygiam
629 739 760 798 dicturus
781 741 891 814 Apollo
912 749 966 811 est,

134 819 208 878 ‘Hic
229 819 317 892 canit,
339 829 369 878 et
390 829 441 877 tua
460 839 515 878 nos
536 838 574 878 eu
596 821 673 878 ultro
693 821 733 878 ad
753 818 855 878 limina
876 819 972 878 mittit.
1072 835 1125 894 155

134 901 210 958 ‘Nos
230 910 269 958 te·
282 898 432 959 Dardania
452 898 573 959 incensa
593 911 702 975 tuaque
723 919 804 958 arma
824 900 924 970 secuti,

133 981 210 1039 ‘Nos
232 979 377 1038 tumidum
399 979 454 1038 sub
475 990 505 1038 te
525 980 673 1054 permensi
693 981 835 1039 classibus
855 999 975 1055 aequor,

134 1060 232 1118 ‘Idem
253 1072 392 1119 venturos
413 1061 550 1118 tollemus
572 1060 603 1118 in
623 1071 700 1119 astra
720 1071 846 1136 nepotes

132 1140 368 1216 ‘Imperiumque
387 1139 453 1199 urbi
473 1139 618 1199 dabimus
661 1142 709 1198 Tu
731 1141 851 1201 moenia
871 1140 985 1216 magnis

132 1222 257 1296 ‘Magna
278 1239 357 1296 para,
379 1222 561 1296 longumque
581 1222 668 1296 fugae
687 1240 726 1280 ne
747 1221 848 1297 linque
868 1224 1010 1280 laborem.
1070 1225 1125 1279 160

132 1301 311 1360 ‘Mutandae
332 1302 426 1360 sedes.
469 1303 541 1360 Non
561 1301 635 1359 haec
656 1300 710 1362 tibi
730 1301 815 1360 litora
836 1301 925 1360 suasit

131 1381 248 1439 ‘Delius
268 1391 319 1440 aut
341 1383 446 1440 Cretae
467 1380 550 1440 iussit
571 1381 724 1441 considere
745 1385 862 1457 Apollo

131 1460 197 1520 ‘E'st
218 1464 300 1521 locus
322 1460 513 1540 (Hesperiam
534 1461 604 1520 Grai
625 1463 802 1537 cognomine
823 1461 937 1538 dicunt)

131 1544 233 1600 ‘Terra
253 1541 383 1618 antiqua,
405 1553 513 1618 potens
533 1542 621 1600 armis
641 1555 742 1618 atque(
752 1544 842 1602 ubere
862 1546 993 1619 glaebae,

130 1622 266 1682 ‘Oenotri
287 1623 405 1681 coluere
424 1621 477 1681 viri
488 1643 496 1696 3
517 1641 598 1680 nunc
618 1623 696 1681 fama
716 1622 845 1683 minores
1070 1627 1118 1699 165

131 1704 260 1762 ‘Italiam
281 1702 388 1762 dixisse
409 1701 492 1761 ducis
513 1704 551 1761 de
572 1703 693 1762 nomine
712 1715 849 1780 gentem:

130 1786 211 1843 ‘Hae
232 1783 319 1842 nobis
339 1783 474 1859 propriae
494 1783 588 1854 sedes,
611 1783 680 1842 hinc
702 1785 859 1843 Dardanus
879 1794 967 1856 ortuS,

130 1863 297 1940 ‘Iasiusque
318 1874 409 1940 pater,
432 1882 524 1939 genus
545 1882 564 1920 a
584 1883 644 1939 quo
664 1863 796 1940 principe
817 1876 958 1924 nostrum.

129 1947 231 2020 ‘Surge
251 1963 306 2020 age
327 1957 356 2002 et
377 1946 451 2002 haec
471 1945 565 2002 laetus
587 1945 732 2021 longaevo
753 1944 833 2004 dicta
853 1943 969 2021 parenti

128 2026 235 2083 ‘Haud
255 2024 420 2084 dubitanda
438 2026 519 2096 refer,
543 2026 705 2100 Corythum
726 2035 874 2100 terrasque
894 2024 1023 2101 requirat
1067 2043 1117 2099 170

126 2104 301 2165 ‘Ausonias:
324 2104 450 2164 Dictaea
469 2115 558 2181 negat
578 2104 633 2164 tibi
654 2105 789 2181 Iuppiter
808 2106 894 2165 arva'

126 2185 248 2245 Talibus
268 2185 411 2245 attonitus
430 2184 499 2243 visis
520 2195 551 2244 et
570 2204 645 2244 voce
665 2186 796 2257 deorum,

125 2267 204 2343 (Nec
224 2285 313 2342 sopor
332 2265 406 2324 illud
426 2276 495 2337 erat,
517 2267 570 2324 sed
591 2285 691 2325 coram
712 2268 892 2343 adgnoscere
912 2267 1012 2327 voltus

125 2347 304 2421 Velatasque
324 2365 426 2406 comas
446 2346 671 2422 praesentiaque
691 2366 742 2406 ora
762 2347 892 2422 videbar,

124 2430 202 2486 Tum
223 2426 337 2501 gelidus
358 2436 421 2486 toto
442 2428 581 2486 manabat
602 2446 726 2502 corpore
745 2428 849 2506 sudor)
1062 2446 1112 2507 175

124 2505 260 2583 Corripio
282 2526 298 2566 e
320 2506 415 2566 stratis
436 2527 542 2584 corpus
564 2508 715 2583 tendoque
736 2507 857 2584 supinas

124 2589 173 2646 Ad
194 2588 310 2646 caelum
331 2606 400 2654 cum
420 2607 494 2647 voce
515 2607 619 2646 manus
641 2599 670 2646 et
691 2607 815 2647 munera
835 2588 896 2648 libo

123 2670 304 2727 Intemerata
323 2667 404 2727 focis.
447 2669 581 2727 Perfecto
602 2669 695 2727 laetus
715 2669 827 2728 honore

122 2748 273 2807 Anchisen
294 2748 370 2807 facio
391 2759 502 2807 certum
523 2767 646 2824 remque
667 2748 770 2808 ordine
791 2750 900 2824 pando

122 2827 274 2906 Adgnovit
295 2831 408 2905 prolem
428 2828 597 2904 ambiguam
617 2828 810 2906 geminosque
830 2840 968 2905 parentes
1061 2833 1112 2890 180

122 2911 219 2985 Seque
239 2928 319 2968 novo
339 2921 471 2968 veterum
492 2910 652 2984 deceptum
672 2928 767 2968 errore
788 2911 930 2969 locorum.

121 2992 201 3048 Tum
221 2999 384 3049 memorat:
413 2992 517 3059 ‘Nate,
541 2990 638 3048 Iliacis
660 2988 786 3049 exercite
807 2990 884 3064 satis,

123 3071 208 3129 ‘Sola
228 3069 300 3127 mihi
320 3071 393 3128 tales
413 3087 498 3127 casus
520 3069 686 3128 Cassandra
707 3072 839 3130 canebat

124 3151 230 3208 ‘Nunc
249 3159 353 3225 repeto
373 3150 447 3208 haec
467 3148 567 3223 generi
581 3151 765 3225 portendere
786 3151 888 3210 debita
908 3164 1019 3226 nostro,

123 3231 178 3286 ‘Et
199 3247 287 3302 saepe
309 3227 494 3300 Hesperiam,
518 3245 606 3302 saepe
628 3231 703 3288 Itala
723 3249 813 3305 regna
833 3251 948 3292 vocare.
1060 3237 1107 3310 185

124 3308 201 3366 ‘Sed
223 3307 288 3381 quis
308 3307 348 3364 ad
370 3305 536 3380 Hesperiae
556 3317 695 3366 venturos
717 3309 801 3368 litora
821 3313 953 3371 Teucros
