2494 3702
383 89 617 150 BUCOLICA.
660 89 753 148 ECL.
786 90 852 149 VII.

485 532 652 592 ECLOGA
681 531 754 589 v11.

321 723 516 782 Mnnrnouus.
561 723 725 781 Conrnon.
768 721 915 780 Tnunsrs.

161 891 208 950 M.
231 892 339 950 Fonrn
359 894 414 951 suh
436 902 537 967 arguta
557 892 732 952 consederat
753 891 819 951 ilice
841 889 986 968 Daphnis,

117 971 393 1047 Compulerantque
413 991 513 1048 greges
535 973 676 1047 Corydon
698 983 727 1031 et
746 971 865 1047 Thyrsis
883 972 914 1029 in
934 989 1034 1042 unum,

116 1049 241 1127 Thyrsis
262 1070 341 1124 oveS,
364 1052 505 1126 Corydon
526 1050 669 1111 distentas
690 1053 765 1110 lacte
786 1052 922 1127 capellas,

117 1131 221 1189 Ambo
242 1131 379 1190 florentes
399 1132 552 1203 aetatibus,
575 1132 705 1190 Arcades
726 1133 824 1202 ambo,

121 1213 162 1268 Et
181 1222 300 1269 cantare
321 1229 406 1287 pares
426 1221 455 1270 et
475 1211 655 1287 respondere
676 1211 779 1286 parati.
1094 1227 1109 1286 5

121 1292 194 1349 Huc
213 1289 292 1363 mihi,
316 1291 387 1349 dum
408 1300 524 1349 teneras
544 1290 674 1349 defendo
694 1309 712 1348 a
733 1289 837 1366 frigore
857 1299 976 1364 myrtos

119 1368 174 1427 Vir
194 1370 288 1446 gregis
308 1369 372 1445 ipse
392 1388 479 1445 caper
498 1370 688 1441 deerraverat,
708 1380 798 1445 atque
818 1388 874 1445 ego
896 1367 1046 1445 Daphnim

119 1449 251 1526 Aspicio.
295 1451 350 1509 Ille
370 1449 420 1509 ubi
440 1469 489 1509 me
509 1461 611 1508 contra
632 1449 720 1521 videt,
744 1448 868 1510 ‘Ocius'
887 1447 985 1525 inquit

122 1531 214 1588 ‘Huc
234 1530 314 1600 ades,
335 1548 355 1588 o
378 1529 545 1601 Meliboee3
571 1547 660 1604 caper
680 1494 735 1588 tibi
755 1531 852 1588 salvus
873 1541 902 1588 et
924 1527 1031 1600 haedi3

123 1610 187 1680 ‘Et
208 1608 233 1668 si
253 1608 326 1700 quid
345 1629 458 1668 cessare
478 1621 571 1698 potes,
592 1608 744 1685 requiesce
763 1610 820 1668 sub
840 1611 952 1666 umbra.
1077 1625 1113 1664 10

123 1687 239 1747 ‘Huc'
231 1687 288 1765 rpsi
308 1700 413 1764 potum
431 1688 550 1748 venient
568 1707 620 1764 per
640 1700 723 1765 prata
743 1687 878 1759 iuvenci3

124 1767 203 1827 ‘Hic
223 1767 330 1828 virides
351 1779 452 1828 tenera
471 1769 613 1845 praetexit
633 1767 775 1828 arundine
796 1767 873 1843 ripas

123 1846 281 1921 ‘Mincius
304 1867 379 1924 eque
400 1867 481 1907 sacra
501 1859 640 1907 resonant
661 1850 796 1907 examina
815 1848 943 1920 quercu!

124 1928 204 2002 Quid
223 1928 371 1987 lacerem?
394 1946 491 2002 neque
505 1947 560 2004 ego
575 1927 720 2003 Alcippen
734 1947 788 1986 nec
808 1926 942 2002 Phyllida
959 1925 1114 1996 habebam,

124 2008 275 2084 Depulsos
296 2027 314 2066 a
333 2009 409 2066 lacte
429 2007 512 2066 domi
532 2027 607 2083 quae
629 2009 778 2066 clauderet
799 2024 898 2081 agnos,
1080 2021 1112 2079 15

123 2089 164 2146 Et
185 2099 334 2147 certamen
355 2097 426 2159 erat,
450 2088 590 2162 Corydon
612 2106 681 2144 cum
700 2085 854 2162 Thyrside,
879 2104 1028 2162 magnum.

124 2166 287 2226 Posthahui
309 2178 409 2226 tamen
431 2167 549 2224 illorum
570 2185 637 2225 mea
658 2167 733 2225 seria
755 2166 836 2225 ludo.

124 2245 252 2306 Alternis
273 2245 359 2322 igitur
381 2247 561 2305 contendere
581 2245 713 2305 versibus
734 2247 823 2304 ambo

124 2329 276 2402 Coepere3
303 2328 431 2386 alternos
453 2328 558 2385 Musae
578 2325 747 2385 meminisse
768 2327 915 2384 volebant.

125 2408 195 2465 Hos
216 2406 364 2482 Corydon,
385 2406 450 2464 illos
470 2407 612 2464 referebat
633 2406 664 2463 in
686 2406 788 2464 ordine
808 2405 935 2481 Thyrsis
1078 2421 1116 2460 20

170 2486 203 2544 C.
225 2487 390 2563 Nymphae,
406 2496 505 2544 noster
518 2504 608 2556 amor,
625 2484 818 2555 Libethrides,
832 2496 884 2544 aut
897 2483 978 2555 mihi,
995 2500 1115 2541 carmen

125 2565 223 2639 Quale
245 2583 312 2624 meo
332 2566 432 2625 Codro
450 2564 624 2639 concedite3
651 2565 782 2640 proxima
804 2563 918 2624 Phoebi

125 2644 267 2704 Versibus
287 2643 337 2704 ille
357 2644 426 2703 lacit
435 2664 445 2718 3
471 2655 530 2716 aut,
552 2643 576 2703 si
597 2664 658 2703 non
679 2663 837 2720 possumus
857 2662 969 2713 omnes,

127 2724 190 2784 Hic
209 2734 311 2799 arguta
331 2744 414 2783 sacra
433 2723 576 2800 pendebit
596 2725 693 2784 fistula
712 2723 793 2800 pinu.

170 2806 201 2863 T.
225 2806 368 2875 Pastores,
392 2805 501 2863 hedera
522 2815 701 2862 crescentem
722 2813 826 2862 ornate
846 2815 974 2878 poetam,
1081 2819 1115 2875 ²5

126 2884 265 2954 Arcades,
287 2883 397 2943 invidia
416 2895 588 2958 rumpantur
605 2893 639 2940 ut
658 2882 707 2940 ilia
728 2883 829 2942 Codro
839 2901 848 2953 3

126 2967 197 3035 Aut,
219 2962 244 3022 si
263 2965 338 3022 ultra
358 2962 499 3039 placitum
520 2960 653 3034 laudarit,
675 2962 797 3020 baccare
816 2962 943 3020 frontem

128 3043 254 3120 Cingite,
276 3062 315 3102 ne
335 3043 394 3102 vati
414 3053 521 3101 noceat
541 3042 620 3100 mala
641 3040 739 3116 lingua
759 3044 865 3100 futuro.

171 3125 202 3183 C.
226 3120 340 3182 Saetosi
359 3132 448 3197 caput
467 3121 525 3180 hoc
545 3120 607 3196 apri
628 3119 691 3192 tibi,
713 3119 807 3192 Deha,
826 3140 847 3197 p
919 3139 933 3179 s

128 3205 168 3262 Et
187 3221 304 3261 ramosa
324 3203 427 3261 Micon
447 3200 556 3259 vivacis
576 3219 687 3258 cornua
706 3200 791 3259 cervi.
1081 3217 1118 3273 30

127 3282 158 3342 Si
178 3281 330 3358 proprium
350 3283 408 3339 hoc
428 3279 520 3350 suerit,
542 3278 599 3336 levi
619 3280 658 3337 de
679 3298 822 3337 marmore
843 3289 906 3336 tota

129 3361 260 3421 Puniceo
281 3360 373 3421 stabis
394 3377 475 3417 suras
496 3357 612 3415 evincta
632 3359 785 3413 cothurno.
