2442 3686
391 61 631 136 nemarcos
655 62 739 120 ara.
769 61 826 120 XJ.
1042 71 1100 132 379

127 191 241 248 ‘Multa
262 189 324 248 dies
344 188 472 264 variique
492 191 575 248 labor
594 188 739 248 mutabilis
759 189 823 248 aevi
1046 209 1080 262 42
1085 205 1101 263 5

126 267 271 327 ‘Rettulit
290 266 321 325 in
342 268 445 326 melius
454 287 463 339 ς
483 270 590 326 multos
610 270 721 326 alterna
739 267 867 327 revisens

126 346 230 405 ‘Lusit
249 357 279 406 et
298 345 330 404 in
350 345 444 405 solido
465 366 559 404 rursus
579 348 695 404 fortuna
715 346 828 404 locavit.

125 427 214 482 ‘Non
235 425 287 483 erit
308 424 414 482 auxilio
434 425 520 483 nobis
540 427 662 483 Aetolus
684 435 713 482 et
732 425 821 499 Arpi:

125 507 187 562 ‘At
208 506 362 577 Messapus
382 503 444 574 erit,
464 503 590 578 felixque
610 502 789 573 Tolumnius,
812 513 841 561 et
861 521 935 578 quos

125 585 205 640 ‘Tot
224 582 325 656 populi
345 580 449 640 misere
469 583 575 654 duces;
595 600 650 640 nec
671 600 760 655 parva
779 593 914 655 sequetur
1045 600 1104 654 430

126 659 248 718 ‘Gloria
267 659 396 718 delectos
417 661 502 719 Latio
522 672 551 718 et
573 660 765 719 Laurentibus
786 659 868 734 agris.

126 741 199 797 ‘Est
219 749 248 796 et
267 739 440 796 Volscorurn
460 738 575 813 egregia
594 739 632 796 de
652 748 738 812 gente
759 737 889 810 Camilla,

126 821 262 891 ‘Agmen
281 835 369 891 agens
389 817 520 892 equitum
541 828 570 876 et
589 819 725 875 florentes
744 835 811 874 aere
831 827 966 875 catervas.

128 894 238 968 ‘Quod
259 893 282 952 si
303 913 350 954 me
371 897 464 954 solum
484 895 590 953 Teucri
610 895 640 952 in
660 895 818 954 certamina
837 908 970 970 poscunt,

127 975 242 1047 ‘quue
262 975 365 1048 placet,
387 985 557 1048 tantumque
578 973 664 1032 bonis
683 973 885 1032 communibus
906 975 991 1032 obsto
1001 995 1009 1044 ;
1048 991 1103 1048 435

130 1055 220 1110 ‘Non
241 1053 316 1110 adeo
336 1052 388 1110 has
409 1071 497 1110 exosa
516 1071 619 1110 manus
639 1052 759 1111 victoria
778 1052 857 1127 fugit,

127 1133 193 1190 ‘Ut
214 1140 294 1188 tanta
314 1130 474 1204 quidquam
493 1149 546 1205 pro
567 1149 617 1205 spe
639 1142 750 1189 tentare
770 1149 909 1188 recusem.

128 1211 205 1266 ‘Ibo
225 1207 328 1266 animis
348 1221 466 1266 contra:
486 1211 532 1266 vel
552 1228 688 1282 magnum
709 1219 834 1282 praestet
854 1207 1006 1278 Achillem,

129 1289 296 1361 ‘Factaque
315 1286 440 1344 Volcani
460 1287 592 1344 manibus
613 1287 692 1361 paria
712 1285 814 1344 induat
835 1305 914 1344 arma

130 1367 203 1424 ‘Ille
224 1364 299 1423 licet.
339 1365 432 1423 Vobis
452 1364 578 1422 animam
598 1365 674 1421 hanc
695 1383 854 1440 soceroque
876 1365 981 1423 Latino
1049 1385 1106 1437 440

132 1446 266 1501 ‘Turnus
286 1461 349 1517 egn,
371 1444 450 1502 haud
470 1443 521 1500 ulli
542 1454 672 1501 veterum
692 1444 796 1501 virtute
817 1445 970 1514 secundus,

132 1521 273 1580 ‘Devovi
316 1522 441 1579 “Solum
461 1523 577 1580 Aeneas
597 1524 718 1580 vocat:''
739 1533 768 1580 et
788 1534 873 1581 vocet
894 1542 952 1580 or0.

133 1601 217 1658 ‘Nec
237 1601 366 1658 Drances
386 1599 493 1674 potius,
513 1601 575 1658 sive
594 1612 638 1659 est
657 1603 730 1659 haec
750 1601 792 1658 ira
812 1602 941 1672 deorum,

133 1681 251 1736 ‘Morte
271 1679 331 1735 luat
341 1699 349 1750 ;
369 1678 428 1734 sive
450 1690 493 1742 est
512 1677 600 1736 virtus
621 1689 651 1736 et
670 1678 768 1754 gloria,
790 1681 890 1738 tollat!

174 1757 221 1815 Illi
242 1757 315 1814 haec
333 1757 409 1813 inter
428 1775 459 1814 se
479 1757 573 1815 dubiis
595 1757 632 1814 de
652 1760 739 1815 rebus
759 1760 885 1832 agebant
1053 1775 1106 1833 445

133 1837 303 1895 Certantes:
328 1844 420 1892 castra
440 1838 554 1893 Aeneas
575 1834 727 1909 aciemque
748 1838 891 1894 movebat.

136 1912 266 1972 Nuntius
286 1911 396 1987 ingenti
417 1932 468 1987 per
487 1913 565 1988 regia
584 1924 662 1971 tecta
682 1916 807 1971 tumultu

135 1994 215 2050 Ecce
235 1989 298 2062 ruit,
319 1989 488 2066 magnisque
508 1995 609 2050 urbem
630 1992 782 2050 terroribus
802 1991 910 2066 inplet:

133 2072 295 2127 Instructos
315 2068 377 2127 acie
397 2069 536 2128 Tiberino
557 2090 575 2128 a
595 2070 713 2128 flumine
734 2073 862 2128 Teucros

132 2148 370 2222 Tyrrhenamque
390 2167 509 2206 manum
529 2149 597 2207 totis
618 2149 794 2207 descendere
815 2148 933 2224 campis.
1051 2166 1110 2224 450

135 2227 291 2300 Extemplo
312 2227 417 2284 turbati
438 2226 534 2297 animi,
556 2245 754 2301 concussaque
775 2226 852 2302 volgi

137 2305 270 2375 Pectora,
291 2315 321 2362 et
340 2316 466 2364 arrectae
486 2305 607 2364 stimulis
627 2307 705 2364 haud
726 2306 861 2364 mollibus
882 2304 949 2364 irae.

133 2384 226 2440 Anna
245 2401 333 2440 manu
353 2382 457 2457 trepidi
477 2395 620 2458 poscunt;
639 2384 734 2443 fremit
754 2402 833 2442 arma
853 2383 1002 2456 iuventus;

137 2461 224 2519 Flent
243 2462 345 2519 maesti
366 2474 555 2537 mussantque
576 2474 678 2538 patres.
724 2462 783 2520 Hic
803 2462 931 2538 undique
951 2464 1060 2521 clamor

137 2538 281 2597 Dissensu
300 2539 380 2598 vario
401 2559 523 2616 magnus
543 2560 574 2600 se
594 2541 669 2599 tollit
689 2539 719 2598 in
739 2560 839 2600 auras:
1053 2555 1109 2616 455

136 2617 228 2675 Haud
249 2636 332 2676 secus
352 2628 439 2693 atque
459 2621 519 2678 alto
539 2619 570 2676 in
589 2621 656 2677 luco
676 2638 765 2693 quum
786 2621 859 2677 forte
878 2628 1013 2676 catervae
1156 2627 1158 2630 ’

136 2696 305 2755 Consedere
324 2695 429 2768 avium,
450 2696 602 2771 piscosove
612 2715 708 2754 amne
730 2697 862 2755 Padusae

136 2777 217 2832 Dant
238 2774 364 2833 sonitum
384 2775 462 2833 rauci
482 2795 534 2850 per
553 2786 654 2850 stagna
674 2773 809 2849 loquacia
828 2772 919 2849 cycni.

136 2855 268 2924 ‘Immo‚'
287 2852 335 2922 ait,
360 2857 394 2911 ‘o
414 2852 509 2924 cives,'
530 2864 643 2928 arrepto
664 2863 795 2928 ternpore
816 2855 940 2920 Turnus,

137 2930 258 3006 ‘Cogite
277 2930 440 3002 concilium,
462 2941 491 2990 et
511 2951 614 3007 pacem
634 2933 751 2990 laudate
771 2931 924 2990 sedentes:
1055 2933 1112 3000 460

136 3010 201 3066 ‘Illi
221 3008 308 3068 armis
328 3009 358 3066 in
378 3029 467 3084 regna
485 3013 587 3069 ruant.'
627 3012 692 3069 Nec
712 3011 794 3084 plura
813 3010 928 3068 locutus

136 3085 283 3162 Corripuit
303 3105 366 3146 sese
387 3099 416 3146 et
437 3088 519 3147 tectis
540 3088 614 3147 citus
635 3089 735 3147 extulit
755 3088 827 3146 altis.

137 3167 210 3236 6Τιι,
232 3167 351 3236 Voluse,
373 3166 476 3224 armari
497 3167 669 3225 Volscorurn
691 3166 774 3225 edice
794 3165 928 3240 maniplis
938 3185 947 3238 3

137 3243 242 3316 ‘Duc,'
262 3243 312 3317 ait,
335 3249 380 3304 ‘et
401 3246 534 3304 Rutulos.
577 3245 721 3320 Equitem,
744 3246 907 3320 Messapus,
926 3243 957 3301 in
978 3239 1073 3314 armis,
