2462 3678
125 77 182 136 286
376 75 412 134 Ρ.
447 73 637 132 VERGILI
659 72 871 131 MARONIS

124 196 271 258 Ausonias
291 198 405 271 tulerat,
426 215 495 256 cum
517 198 735 258 Laomedontia
755 201 849 276 pubes
1083 216 1138 275 105

126 278 286 340 Gramineo
307 277 388 354 ripae
408 276 539 354 religavit
559 281 599 338 ab
619 298 725 356 aggere
746 283 879 340 classem.

165 362 283 420 Aeneas
303 357 449 436 primique
469 360 562 418 duces
582 369 613 418 et
632 360 755 435 pulcher
777 362 857 419 Iulus

126 442 261 516 Corpora
281 439 336 499 sub
356 437 444 498 ramis
465 439 620 515 deponunt
640 439 751 499 arboris
772 443 857 513 altae,

128 520 346 596 Instituuntque
367 519 468 595 dapes,
489 531 520 579 et
540 521 650 579 adorea
670 518 731 580 liba
751 540 804 596 per
823 522 949 580 herbam

128 598 281 662 Subiciunt
301 598 394 676 epulis
415 599 471 677 (sic
492 599 626 676 Iuppiter
645 598 695 658 ille
715 603 871 679 monebat)
1082 621 1140 658 110

128 685 167 741 Et
187 681 310 742 Cereale
331 680 427 739 solum
448 679 546 756 pomis
566 680 729 756 agrestibus
750 692 865 756 augent.

128 760 322 838 Consumptis
342 759 390 819 hic
411 761 486 819 forte
506 758 579 830 aliis,
600 771 633 819 ut
654 772 766 820 vertere
787 780 902 820 morsus

129 840 272 919 Exiguam
292 840 323 899 in
344 843 483 900 Cererem
503 839 625 916 penuria
645 839 744 916 adegit
764 841 880 914 edendi,

129 925 168 982 Et
188 921 297 981 violare
318 941 408 979 manu
428 920 572 996 malisque
593 921 754 981 audacibus
776 923 877 980 orbem

129 1002 238 1063 Fatalis
259 1001 354 1074 crusti,
377 1000 484 1078 patulis
506 1020 562 1060 nec
582 1020 702 1077 parcere
723 1001 857 1078 quadris:
1080 1018 1134 1076 115

131 1086 234 1143 ‘Heus
254 1081 344 1142 etiam
364 1101 482 1140 mensas
502 1081 720 1141 consumimus'
740 1081 835 1158 inquit
857 1082 947 1154 Iulus,

131 1167 195 1224 Nec
215 1165 298 1240 plura
317 1162 470 1221 adludens.
513 1164 559 1221 Ea
578 1181 635 1221 vox
655 1161 756 1222 audita
775 1164 909 1221 laborum

131 1243 229 1304 Prima
249 1243 314 1303 tulit
335 1243 433 1313 finem,
455 1240 641 1319 primamque
661 1242 808 1318 loquentis
829 1245 868 1302 ab
889 1261 940 1300 ore

130 1323 243 1401 Eripuit
263 1334 348 1400 pater
368 1342 403 1382 ac
424 1324 604 1398 stupefactus
625 1322 746 1383 numine
767 1321 879 1398 pressit

130 1404 289 1475 Continuo,
313 1404 414 1462 ‘Salve
435 1403 502 1462 fatis
523 1402 595 1461 mihi
615 1402 717 1463 debita
738 1404 832 1477 telluS,
1075 1423 1131 1460 120

132 1483 286 1561 ‘Vosque'
308 1483 358 1557 ait,
382 1487 417 1542 ‘o
437 1483 489 1543 fidi
509 1482 618 1543 Troiae
639 1485 750 1543 salvete
772 1486 905 1543 Penates.

133 1566 211 1626 ‘Hic
230 1565 345 1634 domus,
367 1564 441 1622 haec
461 1563 556 1640 patria
575 1574 628 1623 est.
662 1562 786 1623 Genitor
805 1563 878 1622 mihi
898 1561 969 1622 talia
986 1583 1121 1640 namque

133 1648 252 1725 ‘(Nunc
271 1641 388 1721 repeto)
408 1643 554 1704 Anchises
574 1645 701 1703 fatorum
723 1663 831 1703 arcana
849 1643 986 1718 reliquit:

132 1730 253 1789 “‘Cum
274 1737 312 1798 te,
334 1736 411 1796 nate,
433 1727 526 1784 fames
546 1723 648 1802 ignota
668 1725 707 1783 ad
727 1724 814 1784 litora
831 1735 950 1782 vectum
1208 1721 1209 1758 l

133 1805 287 1866 “‘Accisis
308 1817 395 1880 coget
415 1804 541 1882 dapibus
561 1824 733 1864 consumere
753 1823 880 1875 mensaS,
1072 1823 1124 1881 1²5

133 1891 254 1948 “‘Tum
275 1905 391 1962 sperare
412 1887 519 1944 domos
539 1886 671 1945 defessus
691 1884 791 1961 ibique
811 1896 962 1944 memento

133 1972 167 2002 “‘
177 1967 275 2026 Prima
295 1967 392 2025 locare
412 1985 503 2025 manu
523 1964 676 2041 molirique
697 1984 801 2043 aggere
823 1967 927 2024 tecta.”

133 2052 237 2108 ‘Haec
258 2057 320 2107 erat
339 2044 389 2105 illa
408 2047 522 2121 fames3
542 2047 618 2106 haec
638 2065 693 2105 nos
713 2064 851 2122 suprema
871 2046 1022 2120 manebat,

133 2127 253 2189 ‘Exitiis
274 2125 405 2205 positura
425 2127 555 2186 modum.

132 2213 249 2286 ‘Quare
269 2206 355 2284 agite,
377 2217 408 2266 et
427 2205 523 2283 primo
544 2205 612 2267 laeti
634 2227 701 2267 cum
722 2205 832 2267 lumine
853 2205 932 2277 solis,
1069 2226 1123 2282 130
1208 2261 1209 2272 ,

133 2292 237 2364 ‘Quae
257 2290 332 2360 loca,
354 2285 441 2363 quive
462 2289 592 2347 habeant
613 2287 756 2360 homines,
778 2287 829 2348 ubi
850 2285 969 2347 moenia
988 2286 1090 2364 gentis,

133 2369 345 2445 ‘Vestigemus,
368 2378 397 2427 et
417 2387 436 2427 a
456 2380 543 2444 portu
563 2368 679 2427 diversa
698 2380 842 2444 petamus.

133 2454 239 2510 ‘Nunc
259 2460 375 2524 pateras
395 2447 486 2508 libate
507 2447 580 2520 lovi,
603 2447 797 2525 precibusque
816 2458 922 2507 vocate

133 2528 300 2590 ‘Anchisen
320 2527 493 2605 genitorem,
516 2540 545 2588 et
564 2527 634 2588 vina
654 2528 789 2605 reponite
809 2527 935 2588 mensis.'

131 2611 179 2672 Sic
199 2609 308 2671 deinde
329 2609 433 2668 effatus
453 2609 602 2668 frondenti
623 2619 758 2684 tempora
777 2627 860 2667 ramo
1067 2625 1116 2684 135

132 2691 279 2769 Implicat,
301 2700 331 2749 et
353 2687 540 2765 Geniumque
560 2688 618 2749 loci
638 2689 823 2766 primamque
843 2689 968 2746 deorum

130 2775 279 2834 Tellurem
301 2770 516 2848 Nymphasque
537 2780 566 2829 et
587 2771 685 2828 adhuc
704 2768 805 2845 ignota
825 2780 959 2845 precatur

131 2853 275 2925 Flumina,
297 2861 360 2910 tum
383 2852 512 2909 Noctem
534 2849 698 2926 Noctisque
719 2847 843 2908 orientia
862 2847 945 2923 signa

132 2936 314 3008 Idaeumque
335 2933 439 2990 Iovem
461 2928 676 3006 Phrygiamque
697 2949 734 2988 ex
754 2929 856 2988 ordine
879 2930 1016 2987 Matrem.

132 3018 265 3085 Invocat,
288 3022 318 3071 et
339 3009 472 3086 duplices
493 3012 635 3085 caeloque
657 3011 814 3085 Ereboque
836 3019 982 3083 parentes.
1065 3028 1113 3080 140
1208 3061 1209 3092 ,

132 3091 193 3150 Hic
212 3103 296 3164 pater
317 3088 505 3163 omnipotens
527 3099 571 3146 ter
590 3090 674 3147 caelo
695 3090 788 3147 clarus
809 3089 848 3146 ab
868 3088 929 3146 alto
1208 3093 1209 3122 r

132 3166 274 3233 Intonuit,
296 3165 443 3238 radiisque
463 3167 616 3224 ardentem
637 3166 710 3225 lucis
731 3178 760 3226 et
781 3186 853 3225 auro

44 3281 50 3294 .
132 3250 201 3320 Ipse
222 3260 312 3301 manu
333 3241 468 3314 quatiens
489 3244 619 3303 ostendit
639 3246 679 3304 ab
698 3246 816 3305 aethere
837 3247 958 3306 nubem.

131 3320 251 3381 Diditur
268 3317 318 3377 hic
338 3317 436 3376 subito
457 3319 585 3377 Troiana
605 3341 659 3396 per
678 3324 797 3398 agmina
815 3342 923 3398 rumor,
