2462 3678
224 60 280 116 322
312 43 348 102 P.
379 45 567 104 Vaaorar
584 19 796 104 narona
816 43 920 101 ΛΕΜ
946 43 1023 100 trs.
1056 41 1141 98 Vnt

225 169 296 246 Ipsa
315 169 469 232 videbatur
485 171 580 232 ventis
598 169 698 247 regina
718 169 830 230 vocatis

223 251 300 311 Vela
315 251 394 324 dare,
413 262 444 312 et
461 253 544 311 laxos
563 251 622 311 ianr
642 251 759 326 iamque
775 250 924 310 inmittere
940 250 1021 310 funis

224 330 311 389 Illam
332 329 408 390 inter
425 333 531 391 caedes
549 333 710 407 pallentem
731 341 825 390 morte
842 333 939 389 sutura

223 411 346 471 Fecerat
365 411 538 488 Ignipotens
559 410 647 470 undis
666 421 695 469 et
715 413 826 487 Iapyge
842 409 911 469 ferri
921 429 931 482 ;
1150 425 1189 480 71⁰

223 491 335 550 Contra
354 502 452 550 autem
473 510 581 568 magno
602 501 780 550 maerentem
801 508 924 565 corpore
945 488 1054 561 Nilum,

223 570 467 646 Pandentemque
488 571 567 630 sinus
588 581 618 631 et
638 581 701 629 tota
720 579 802 629 veste
820 579 975 630 vocantem

223 650 399 710 Caeruleum
418 649 449 710 in
469 649 612 726 gremium
633 651 839 726 latebrosaque
859 650 980 707 flumina
998 647 1097 707 victos

221 729 262 788 At
283 730 400 801 Caesar,
422 729 527 806 triplici
548 730 681 789 invectus
702 732 839 788 Romana
859 729 1007 804 triumpho

223 809 354 882 Moenia,
376 808 421 868 dis
443 810 525 868 Italis
549 819 651 869 votum
672 809 827 868 inmortale
848 810 988 881 sacrabat,
1144 821 1185 878 715

223 889 365 948 Maxuma
383 900 428 948 ter
447 900 567 948 centum
588 900 681 949 totam
702 889 825 948 delubra
844 907 897 964 per
918 889 1057 966 Urbem,-

221 967 346 1026 Laetitia
369 968 506 1044 ludisque
526 968 592 1028 viae
613 970 777 1045 plausuq'ue
797 969 981 1038 fremebant;

221 1046 367 1107 Omnibus
388 1047 419 1106 in
439 1047 556 1124 templis
577 1059 703 1107 matrum
724 1049 837 1121 chorus
862 1047 998 1107 omnibus
1019 1065 1102 1118 arae}

221 1127 300 1186 Ante
320 1145 384 1186 aras
405 1138 510 1186 terram
531 1128 609 1187 caesi
630 1139 755 1186 stravere
775 1127 899 1187 iuvenci.

221 1207 299 1281 Ipse,
321 1209 427 1265 sedens
448 1206 535 1266 niveo
555 1207 709 1266 candentis
730 1205 831 1266 limine
854 1206 974 1280 Phoebi,
1147 1221 1185 1276 720

222 1286 311 1344 Dona
330 1286 515 1362 recognoscit
535 1288 711 1363 populomm
733 1297 873 1362 aptatque
893 1286 1025 1362 superbis

221 1364 376 1437 Postibus;
403 1365 546 1424 incedunt
572 1366 666 1424 victae
688 1367 778 1442 longo
803 1366 907 1425 ordine
928 1375 1039 1442 gentes,

220 1444 318 1516 Quam
339 1443 434 1502 variae
456 1444 572 1520 linguis,
593 1445 696 1503 habitu
718 1456 778 1504 tam
798 1444 887 1505 vestis
909 1457 939 1504 et
960 1444 1058 1504 armis

221 1521 281 1580 Hic
302 1525 475 1582 Nomadum
496 1543 588 1600 genus
610 1535 639 1582 et
660 1524 819 1584 discinctos
843 1525 994 1584 Mulciber
1014 1527 1109 1596 Afros,

220 1601 281 1659 Hic
302 1603 424 1678 Lelegas
446 1605 596 1678 Carasque
616 1603 849 1680 sagittiferosque
870 1606 1002 1664 Gelonos
1144 1617 1184 1675 725

218 1680 367 1754 Finxerat5
392 1682 557 1758 Euphrates
578 1683 638 1741 ibat
659 1683 717 1741 iam
738 1683 855 1742 mollior
874 1683 961 1743 undis
972 1705 982 1756 ;

218 1761 407 1836 Extremique
428 1761 582 1820 hominum
605 1762 724 1833 Morini,
748 1764 931 1839 Rmnusque
950 1763 1079 1822 bicornis
1086 1783 1096 1835 ;

218 1839 420 1916 Indomitique
442 1841 553 1914 Dahae,
576 1853 606 1900 et
626 1853 748 1916 pontem
768 1842 936 1918 indignatus
957 1847 1076 1903 Araxes

217 1918 302 1978 Talia
322 1939 374 1996 per
394 1919 523 1997 clipeum
543 1921 678 1993 Volcani,
700 1923 780 1985 dona
798 1922 935 1998 parentis,

218 1998 350 2072 Miratur,
369 2019 525 2076 rerumque
550 1999 665 2076 ignarus
685 2001 812 2078 imagine
832 2003 950 2076 gaudet,
1144 2021 1185 2078 730

216 2079 363 2138 Attollens
395 2099 498 2140 umero
528 2081 697 2156 famamque
718 2092 747 2140 et
768 2083 827 2141 lata
847 2092 999 2157 nepotum.
