2496 3680
395 863 428 929 P.
458 865 655 929 VERGILI
688 866 908 931 MARONIS

441 1083 876 1180 BUCOLICA

546 1385 714 1476 uctoor
735 1388 757 1443 1.

457 1575 654 1634 Mambouus
697 1577 846 1634 Tirinus

195 1750 241 1807 M.
271 1749 403 1820 Trrrttu,
425 1759 457 1807 tu
476 1751 594 1825 patulae
613 1752 756 1809 recubans
777 1748 982 1834 subtegmine
1002 1749 1059 1828 fagi

155 1825 321 1888 Silvestrem
342 1827 425 1886 tenui
445 1847 559 1887 musam
581 1827 731 1888 meditaris
752 1849 846 1912 Qua
857 1850 866 1902 ;

155 1907 221 1966 Nos
241 1906 353 1984 patriae
373 1909 446 1966 fines
467 1917 497 1966 et
517 1907 615 1967 dulcia
635 1908 794 1983 linquimus
813 1907 891 1969 arva.

155 1987 220 2045 Nos
240 1987 364 2064 patriam
384 1988 510 2062 sugimus
520 2009 528 2060 ;
556 1999 597 2059 tu,
619 1988 727 2064 Tityre,
749 1990 846 2048 lentus
866 1988 897 2047 in
917 1989 1025 2048 umbra

155 2067 328 2126 Formosam
349 2085 486 2127 resonare
507 2069 598 2127 doces
618 2069 799 2142 Amaryllida
820 2067 914 2127 silvas.
1126 2087 1141 2146 5

198 2148 231 2205 T.
261 2147 470 2218 OMeliboee,
493 2149 566 2206 deus
587 2147 674 2207 uobis
693 2149 768 2206 haec
788 2147 849 2207 otia
880 2147 945 2207 ecit.
986 2158 996 2211 l
1049 2172 1077 2192 ’ὁ

156 2227 294 2302 Namque
315 2226 369 2285 erit
389 2226 437 2286 ille
458 2227 530 2286 mihi
551 2246 666 2302 semper
686 2229 768 2299 deus,
790 2227 810 2285 il
833 2247 867 2286 us
887 2247 966 2286 aram
986 2254 989 2264 ·
1010 2247 1013 2255 ·
1043 2235 1064 2283 t·
1098 2250 1101 2258 ¹

154 2307 248 2382 Saepe
269 2318 353 2366 tener
372 2305 479 2366 nostris
499 2309 538 2366 ab
559 2307 685 2366 ovilibus
705 2307 818 2368 imbuet
839 2326 939 2384 agnus.

155 2386 210 2446 Ille
230 2405 312 2446 meas
333 2406 425 2446 errare
446 2388 547 2456 boves,
568 2398 602 2446 ut
622 2385 723 2454 cernis,
747 2384 894 2464 teipsum

75 2543 79 2550 .
155 2467 270 2526 Ludere
291 2486 368 2542 quae
388 2468 494 2525 vellem
515 2468 629 2526 calamo
650 2466 780 2544 permisit
801 2466 913 2543 agresti.
1109 2489 1144 2526 10

3 2755 84 2805 tum*

193 2548 240 2604 M.
267 2549 339 2605 Non
360 2546 499 2622 equidem
518 2546 646 2620 invideo,
649 2567 867 2703 &3³38ngss
867 2545 1040 2687 e:lhilrsndique
1061 2547 1130 2606 totis

117 2653 120 2658 ⁴
155 2625 200 2686 Us
222 2645 241 2684 u
280 2627 358 2686 adeo
378 2629 511 2685 turbatur
531 2627 614 2702 agris,

150 2643 298 2764 ὣς
318 2723 405 2782 aeger
424 2725 502 2802 agpj
518 2707 595 2770 hanc
616 2705 702 2765 etiam
723 2706 779 2778 vix,
802 2706 911 2782 Tityre,
933 2707 1019 2766 duco.

154 2783 311 2844 ffiffinter
331 2787 440 2844 densas
460 2770 688 2865 ppfilbsmodo
708 2805 837 2878 narpque
857 2789 998 2861 gemellos

153 2865 243 2940 Spem
263 2863 366 2940 gregis,
388 2884 413 2934 a,
430 2863 510 2924 silice
531 2865 561 2923 in
582 2867 662 2924 nuda
683 2854 810 2924 dbbmxa
829 2866 951 2942 reliquit.
1055 2927 1058 2951 Ι
1108 2883 1139 2942 15

153 2945 247 3018 Saepe
268 2945 380 3002 malum
400 2944 458 3004 hoc
479 2944 572 3016 nobis,
595 2945 618 3003 si
639 2964 723 3003 mens
744 2963 805 3003 non
826 2947 909 3004 laeva
929 2944 1039 3018 luisset,
1054 2947 1096 2987 *ι’
1125 2947 1135 2963 ’

145 3017 200 3097 (De
222 3025 305 3082 caelo
325 3016 418 3107 tactas
439 3024 560 3083 memini
580 3023 750 3100 praedicere
771 3044 928 3109 quereus„
961 3087 962 3090 ,

151 3097 260 3242 {Saepe
281 3101 397 3161 sinistra
417 3123 489 3162 cava
509 3103 654 3180 praedixit
673 3106 712 3163 ab
732 3103 798 3164 ilice
819 3102 943 3184 cornia]

172 3181 210 3242 ed
231 3193 331 3241 tamen
351 3182 406 3242 iste
426 3185 499 3242 deus
520 3183 571 3258 qui
591 3183 698 3256 sitt'du',
717 3184 826 3259 Tityre,
849 3184 960 3244 nobisb·
978 3197 989 3210 ·“

195 3263 227 3320 Τ.
256 3263 371 3322 Urbem
392 3281 482 3337 quam
503 3262 606 3320 dicunt
626 3265 762 3332 Romam,
786 3263 943 3331 Meliboee,
965 3260 1063 3336 putavi
1105 3281 1141 3319 20

151 3341 263 3399 Stultus
284 3359 339 3414 ego
359 3341 428 3398 huic
448 3351 566 3398 nostrae
586 3339 720 3409 similem,
742 3359 802 3413 quo
823 3357 911 3412 saepe
935 3341 1062 3396 solemus
