2494 3702
371 81 610 142 aucotrcn.
652 80 747 138 an.
771 81 826 137 m.
1067 93 1102 152 95

106 233 214 303 Necte,
230 230 381 307 Amarylli,
401 232 493 289 modo
513 241 541 289 et
562 231 713 290 “Veneris
723 230 737 257 ’'
756 229 805 289 dic
826 235 842 262 “
851 229 969 288 vincula
988 227 1102 288 necto.''

149 309 258 370 Ducite
279 313 317 370 ab
337 313 410 369 urbe
430 311 563 380 domum,
579 329 647 368 mea
666 308 803 380 carmina,
823 309 922 368 ducite
945 309 1103 384 Daphnim.

111 389 215 450 Limus
236 399 269 448 ut
289 389 337 448 hic
357 389 493 460 durescit,
515 400 546 448 et
565 391 639 448 haec
659 399 692 447 ut
713 408 779 448 cera
798 388 933 464 liquescit
1067 391 1102 446 81

107 471 182 530 Uno
202 468 458 548 eodemqueigni,
481 467 523 527 sic
543 479 645 528 nostro
667 467 803 543 Daphnis
823 484 930 527 amore.

107 551 219 626 Sparge
240 550 358 619 molam,
380 560 410 608 et
430 549 544 625 fragiles
566 549 692 607 incende
713 547 856 608 bitumine
877 551 982 606 laurus

109 628 249 706 Daphnis
269 647 318 688 me
338 630 432 687 malus
454 629 519 700 urit,
541 649 597 704 ego
618 630 695 687 hanc
716 628 747 687 in
768 627 928 704 Daphnide
949 630 1068 687 laurum

151 708 261 768 Ducite
281 710 320 768 ab
340 710 412 768 urbe
433 710 564 779 domum,
580 728 647 768 mea
666 708 805 779 carmina,
823 708 921 767 ducite
944 707 1102 785 Daphnim.

106 789 190 848 Talis
210 806 294 847 amor
314 789 476 864 Daphnim,
499 787 592 864 qualis
614 808 683 847 cum
703 790 780 848 fessa
800 787 957 848 iuvencum
1065 791 1103 846 86

109 871 168 928 Per
188 886 311 927 nemora
330 879 420 943 atque
440 869 515 928 altos
536 869 706 943 quaerendo
726 868 835 927 bucula
854 869 937 928 lucos

106 951 233 1023 Propter
251 967 346 1023 aquae
365 947 460 1006 rivum
481 948 566 1008 viridi
586 949 753 1024 procumbit
772 947 803 1006 in
824 950 900 1022 ulva,

105 1027 228 1088 Perdita
248 1047 304 1087 nec
324 1047 405 1087 serae
426 1028 560 1087 meminit
580 1029 724 1087 decedere
744 1026 833 1099 nocti,

105 1107 190 1167 Talis
210 1126 294 1167 amor
313 1117 423 1178 teneat,
443 1126 500 1167 nec
520 1107 557 1167 sit
578 1107 651 1167 mihi
671 1127 740 1166 cura
760 1106 878 1166 mederi
1065 1126 1104 1182 90

147 1186 257 1247 Ducite
277 1189 317 1246 ab
336 1189 408 1247 urbe
429 1189 560 1260 domum,
577 1207 644 1247 mea
664 1187 803 1260 carmina,
821 1187 920 1247 ducite
943 1187 1102 1265 Daphnim.

105 1269 175 1327 Has
195 1266 267 1327 olim
288 1267 406 1327 exuvias
427 1267 500 1326 mihi
520 1269 651 1344 perfidus
672 1268 721 1327 ille
741 1266 867 1343 reliquit,

105 1348 236 1425 Pignora
255 1367 323 1406 cara
343 1348 404 1408 sui:
434 1367 511 1425 quae
531 1367 612 1407 nunc
632 1367 688 1424 ego
708 1347 810 1406 limine
830 1346 861 1406 in
881 1346 956 1423 ipso,

103 1430 206 1500 Terra,
227 1427 281 1487 tibi
300 1429 430 1502 maudo;
456 1428 568 1488 debent
588 1430 662 1487 haec
679 1429 803 1504 pignora
823 1427 982 1504 Daphnim.

147 1509 258 1567 Ducite
277 1508 316 1566 ab
336 1509 409 1568 urbe
429 1508 561 1579 domum,
577 1527 643 1566 mea
663 1507 802 1579 carmina,
822 1508 921 1567 ducite
943 1507 1101 1585 Daphnim.

106 1589 174 1648 Has
195 1589 300 1647 herbas
321 1599 410 1664 atque
430 1590 504 1648 hae'c
525 1591 623 1648 Ponto
642 1587 714 1646 mihi
735 1590 812 1647 lecta
830 1607 944 1646 venena
1065 1592 1102 1665 96

106 1670 178 1744 Ipse
199 1668 280 1728 dedit
301 1667 431 1741 Moeris3
458 1678 618 1727 nascuntur
637 1667 763 1744 plurima
784 1669 881 1728 Ponto
892 1688 901 1740 ;

106 1749 166 1807 His
187 1766 243 1824 ego
263 1767 352 1824 saepe
372 1749 477 1824 lupum
498 1749 561 1807 fieri
581 1757 611 1807 et
631 1767 662 1807 se
684 1749 813 1808 condere
835 1747 914 1807 silvis

106 1829 246 1902 Moerim,
268 1846 356 1904 saepe
377 1827 489 1887 animas
510 1827 576 1886 imis
597 1828 693 1890 excire
713 1827 854 1904 sepulcris

104 1911 207 1984 Atque
227 1919 305 1967 satas
325 1907 384 1967 alio
404 1907 465 1968 vidi
486 1909 637 1968 traducere
658 1927 777 1968 messes.
1047 1929 1103 1966 100

147 1987 256 2047 Ducite
276 1990 314 2049 ab
334 1990 406 2048 urbe
427 1989 559 2062 domum,
577 2007 645 2047 mea
664 1988 803 2061 carmina,
821 1988 920 2048 ducite
943 1987 1102 2064 Daphnim.

105 2069 164 2128 Fer
184 2066 306 2140 cineres,
327 2067 478 2146 Amarylli,
500 2069 577 2126 foras
596 2067 719 2144 rivoque
739 2068 843 2127 fluenti

104 2151 261 2224 Transque
282 2158 370 2224 caput
391 2147 464 2221 iace,
486 2167 543 2207 nec
563 2147 732 2225 respexeris.
776 2147 834 2207 His
854 2166 910 2224 ego
932 2145 1084 2224 Daphnim

104 2228 287 2305 Adgrediar;
314 2228 388 2287 nihil
407 2227 456 2288 ille
478 2230 561 2300 deoS,
582 2228 624 2287 nil
645 2227 775 2288 carmina
794 2238 884 2286 curat.

147 2307 256 2369 Ducite
276 2308 314 2368 ab
335 2310 408 2368 urbe
426 2310 558 2381 domum,
579 2328 646 2368 mea
664 2309 803 2378 carmina,
821 2307 920 2368 ducite
941 2306 1102 2384 Daphnim.

104 2388 235 2465 Aspice:
262 2388 403 2466 corripuit
423 2388 555 2450 tremulis
575 2388 677 2448 altaria
697 2387 823 2447 flammis
941 2459 944 2468 γ
1048 2391 1103 2447 106

105 2471 219 2545 Sponte
240 2487 302 2541 sua,
322 2469 394 2528 dum
414 2470 489 2529 ferre
509 2487 615 2540 moror,
638 2467 713 2528 cinis
733 2469 804 2544 ipse
848 2469 966 2526 Bonum
987 2467 1042 2527 sit!

105 2547 219 2608 Nescio
239 2547 312 2624 quid
331 2558 412 2608 certe
431 2560 484 2622 est,
504 2559 535 2608 et
556 2550 658 2625 Hylax
677 2547 709 2606 in
727 2547 829 2607 limine
849 2549 942 2606 latrat.

105 2629 284 2689 Credimus?
311 2647 358 2699 an,
381 2628 433 2702 qui
453 2638 564 2700 amant,
586 2627 643 2704 ipsi
663 2628 719 2689 sibi
740 2627 856 2687 somnia
876 2629 1011 2702 fingunt?

146 2706 270 2776 Parcite,
289 2709 329 2767 ab
349 2709 423 2766 urbe
443 2708 532 2781 venit,
554 2707 613 2766 iarn
635 2709 753 2785 parcite,
776 2707 906 2767 carmina
927 2707 1082 2784 Daphnis!

481 2950 649 3009 ECLOGA
679 2949 732 3006 IX.

442 3119 587 3177 chmns.
632 3120 767 3178 Moerus

146 3278 182 3337 L.
206 3277 279 3350 Quo
299 3287 339 3348 te,
361 3273 466 3345 Moeri,
482 3275 596 3350 pedes?
616 3293 662 3344 an,
679 3294 740 3348 quo
759 3273 806 3332 via
825 3271 913 3342 ducit,
930 3272 960 3329 in
978 3272 1103 3332 urbem?

147 3357 196 3416 M.
218 3357 246 3417 O
269 3353 390 3432 Lycida,
412 3352 471 3412 vivi
492 3351 687 3428 pervenimus,
709 3353 824 3410 advena
843 3349 933 3408 nostri
