2442 3686
331 151 572 212 AENEIDOS
596 155 683 212 LIB.
709 156 783 211 XM
996 169 1054 226 40³

39 277 248 350 Conclamat,
269 276 439 354 primusque
459 277 574 338 animos
594 275 731 338 accendit
750 275 780 336 in
801 278 927 337 hostem.

41 361 54 388 ‘
72 360 155 417 Non
174 357 248 416 haec
268 358 404 416 humanis
425 358 539 434 opibus,
562 378 624 418 non
645 369 706 418 arte
726 358 864 434 magistra
1019 431 1023 436 1

41 442 55 469 ‘
74 437 274 511 Proveniunt‚
295 457 394 514 neque
414 449 453 511 te,
475 441 586 512 Aenea,
607 458 674 498 mea
694 439 813 498 dextera
834 446 929 497 servat
935 454 945 509 ;

42 524 56 551 ‘
74 516 183 576 Maior
202 516 262 594 agit
281 517 355 577 deus
375 529 464 594 atque
485 537 575 596 opera
594 519 632 578 ad
653 518 765 578 maiora
785 515 922 577 remittit!

43 599 118 656 Ille
141 596 241 657 avidus
262 617 378 673 pugnae
399 617 481 657 suras
502 598 660 657 incluserat
679 617 752 657 auro
997 612 1056 670 430

45 677 148 736 Hinc
168 686 256 754 atque
276 678 353 751 hinc,
375 678 497 755 oditque
518 697 624 750 moras,
643 679 817 753 hastamque
839 685 980 736 coruscat.

46 760 227 832 Postquam
247 756 353 816 habilis
373 758 456 817 lateri
476 758 589 834 clipeus
609 759 759 834 loricaque
780 768 863 834 tergo
883 766 935 829 est,

45 836 226 896 Ascanium
245 836 316 896 susis
336 836 447 897 circum
468 838 663 914 conplectitur
682 838 778 911 armis,

48 919 244 992 Summaque
264 936 317 993 per
336 919 451 993 galeam
472 917 606 978 delibans
627 921 728 978 oscula
748 919 837 977 latur:

51 1002 63 1030 ‘
82 996 185 1068 Disce,
208 1016 288 1072 puer,
310 996 447 1056 virtutem
469 1017 505 1057 ex
524 1016 572 1056 me
593 1016 754 1075 verumque
775 998 916 1069 laborem,
998 1010 1055 1071 435

51 1079 248 1136 ‘Fortunam
269 1096 305 1136 ex
324 1076 396 1136 aliis.
440 1079 530 1137 Nunc
551 1089 579 1136 te
601 1097 669 1136 mea
688 1077 807 1136 dextera
827 1078 907 1136 bello

53 1157 251 1216 ‘Defensum
272 1156 362 1228 dabit,
384 1167 414 1215 et
435 1175 543 1234 magna
562 1157 639 1217 inter
659 1157 788 1233 praemia
809 1157 912 1216 ducet:

54 1239 134 1296 ‘Tu
154 1237 251 1308 facito,
273 1255 343 1296 mox
362 1255 432 1295 cum
452 1247 567 1296 matura
586 1238 747 1297 adoleverit
767 1246 857 1308 aetas,

55 1316 130 1376 ‘Sis
151 1335 272 1389 memor,
295 1326 325 1376 et
345 1327 374 1376 te
395 1316 495 1376 anirno'
515 1327 698 1392 repetentem
719 1317 852 1393 exempla
872 1326 990 1376 tuorum

56 1399 125 1456 ‘Et
145 1407 228 1473 pater
248 1398 365 1456 Aeneas
387 1406 416 1455 et
436 1399 599 1456 avunculus
621 1396 727 1456 excitet
748 1398 880 1456 Hector!
999 1411 1058 1468 440

105 1477 194 1534 Haec
214 1475 265 1535 ubi
286 1476 366 1536 dicta
386 1476 476 1549 dedit,
499 1477 590 1553 portis
611 1495 675 1537 sese
697 1476 798 1536 extulit
818 1476 931 1554 ingens,

56 1558 173 1615 Telum
193 1555 312 1615 inmane
332 1575 422 1615 manu
443 1556 578 1633 quatiens
583 1577 592 1630 ;
613 1557 699 1617 simul
720 1556 837 1634 agmine
858 1558 952 1616 denso

56 1638 260 1712 Antheusque
281 1638 516 1713 Mnestheusque
536 1649 633 1710 ruunt
655 1637 811 1714 omnisque
831 1636 939 1697 relictis

57 1719 166 1776 Turba
186 1715 250 1775 fluit
270 1717 379 1776 castris.
421 1719 501 1775 Tum
521 1736 612 1776 caeco
632 1720 751 1794 pulvere
772 1736 894 1793 campus

60 1797 217 1869 Miscetur,
240 1798 386 1874 pulsuque
406 1798 516 1872 pedum
538 1797 635 1856 tremit
656 1798 750 1856 excita
771 1798 863 1856 tellus.
999 1810 1057 1871 445

59 1875 149 1935 Vidit
169 1878 208 1936 ab
229 1877 353 1936 adverso
372 1876 525 1936 venientes
546 1896 651 1953 aggere
672 1879 796 1949 Turnus,

59 1956 175 2015 Videre
195 1956 330 2030 Ausonii,
350 1956 524 2033 gelidusque
544 1976 597 2033 per
617 1956 675 2016 ima
695 1955 821 2016 cucurrit

62 2037 145 2096 Ossa
165 2046 287 2110 tremor,
308 2035 403 2112 prima
422 2047 491 2096 ante
511 2055 616 2097 omnes
637 2039 762 2096 Iuturna
782 2034 905 2095 Latinos

60 2114 170 2176 Audiit
190 2115 388 2193 adgnovitque
409 2135 524 2189 sonum,
546 2128 576 2177 et
596 2119 765 2177 tremefacta
785 2115 896 2192 refugit.

62 2197 122 2254 Ille
142 2196 231 2267 volat,
252 2215 418 2273 campoque
439 2207 533 2255 atrurn
553 2197 629 2274 rapit
648 2217 754 2274 agmen
774 2207 883 2273 aperto.
1000 2211 1059 2271 450

62 2275 170 2350 Qualis
191 2275 242 2334 ubi
263 2277 302 2335 ad
322 2287 412 2336 terras
433 2278 560 2353 abrupto
581 2277 676 2337 sidere
697 2277 816 2337 nimbus

64 2358 95 2415 It
117 2374 198 2414 mare
217 2374 271 2432 per
290 2356 437 2432 medinm;
457 2355 578 2430 miseris,
600 2358 668 2430 heu,
690 2357 822 2434 praescia
841 2358 929 2432 longe
992 2403 995 2410 .

65 2437 253 2494 Horrescunt
274 2438 364 2495 corda
384 2436 518 2514 agricolis
525 2459 534 2512 3
554 2438 639 2498 dabit
658 2437 708 2498 ille
729 2437 827 2497 ruinas

63 2515 238 2587 Arboribus,
256 2524 441 2593 stragemque
462 2517 532 2576 satis
537 2539 545 2591 ;
566 2529 632 2577 met
651 2517 753 2578 omnia
772 2520 846 2592 late;

64 2598 148 2654 Ante
167 2597 278 2668 volant,
300 2595 488 2673 sonitumque
508 2598 604 2657 ferunt
623 2599 662 2657 ad
682 2598 767 2658 litora
787 2599 881 2660 venti:
1001 2612 1058 2673 455

63 2674 149 2734 Talis
170 2673 200 2733 in
221 2676 325 2736 advers
381 2677 486 2736 ductor
506 2677 670 2737 Rhoeteius
690 2679 790 2736 hostes

66 2759 186 2832 Agmen
207 2754 280 2830 agit3
301 2757 340 2816 de
377 2756 386 2814 i
407 2756 509 2816 cuneis
530 2776 562 2816 se
583 2757 707 2834 quisque
728 2756 840 2817 coactis

65 2836 287 2910 Adglomerant.
331 2834 410 2920 Ferit
430 2855 500 2895 ense
520 2856 638 2913 gravem
658 2838 860 2913 Thymbraeus
882 2835 999 2910 Osirim,

66 2914 240 2975 Archetium
262 2916 446 2989 Mnestheus,
469 2918 635 2992 Epulonem
656 2919 813 2977 obtruncat
833 2918 972 2991 Achates,

67 2996 270 3071 Ufentemque
290 2997 369 3072 Gyas
375 3015 383 3068 ;
404 2995 484 3055 cadit
503 2996 565 3073 ipse
586 2995 762 3056 Tolumnius
782 3016 882 3074 augur,
1001 2999 1061 3071 460

68 3074 184 3135 Primus
205 3074 241 3133 in
256 3076 395 3135 adversos
416 3078 507 3135 telum
529 3076 580 3153 qui
601 3087 723 3136 torserat
743 3079 851 3138 hostes.

68 3154 197 3214 Tollitur
216 3154 247 3213 in
268 3157 383 3214 caelum
404 3158 523 3229 clamor,
544 3156 680 3234 versique
700 3156 828 3216 vicissim

70 3235 276 3295 Pulvemlenta
295 3236 364 3312 fuga
386 3235 490 3295 Rutuli
510 3237 583 3296 dant
603 3247 684 3314 terga
703 3256 756 3313 per
775 3257 868 3314 agros

71 3317 140 3390 Ipse
160 3332 257 3390 neque
277 3333 394 3375 aversos
415 3315 551 3391 dignatur
571 3326 699 3376 sternere
719 3318 814 3390 morti,

73 3397 137 3454 Nec
156 3395 232 3469 pede
254 3414 425 3471 congressos
445 3414 543 3472 aequo
563 3415 620 3455 nec
640 3399 699 3455 tela
715 3398 841 3472 ferentes
1002 3397 1060 3471 465

870 3519 965 3576 26-2
