2460 3686
148 79 205 136 188
406 81 442 140 P.
473 81 663 142 VERGILI
676 82 888 144 MARONIS

147 209 231 285 Quos
251 210 302 273 ubi
322 213 470 273 consertos
490 211 599 271 audere
618 210 650 270 in
670 211 783 288 proelia
801 212 870 284 vidi,

147 290 262 368 Incipio
282 312 368 370 super
388 292 452 353 his:
482 293 636 364 ‘Iuvenes
657 291 815 352 fortissima
834 294 938 354 frustra

147 372 295 446 ‘Pectora
316 373 342 434 si
360 373 445 434 vobis
465 373 625 432 audentem
646 383 776 432 extrema
796 374 906 449 cupido

146 451 252 512 ‘Certa
271 451 363 530 sequi,
384 471 461 529 quae
482 451 519 512 sit
537 451 626 512 rebus
646 453 764 512 fortuna
783 453 906 514 videtis:
1084 475 1149 531 350

146 532 321 593 ‘Excessere
341 551 453 607 omnes,
476 531 571 609 adytis
591 531 707 608 arisque
727 532 844 605 relictis,

145 611 210 684 ‘Di,
231 612 338 688 quibus
358 612 514 688 imperium
534 613 593 671 hoc
612 622 749 687 steterat;
769 611 934 673 succurritis
954 611 1020 672 urbi

144 693 323 752 ‘Inoensaer
349 692 514 762 moriamur,
537 702 567 751 et
586 690 618 750 in
639 692 738 752 media
757 711 840 752 arma
858 711 984 752 ruamus

144 773 231 832 ‘Una
250 773 328 832 salus
348 771 432 832 victis
453 773 564 831 nullam
585 790 703 847 sperare
723 773 866 832 salutem!

141 850 189 912 Sic
209 851 314 912 animis
332 852 471 912 iuvenum
491 852 570 911 furor
589 851 716 912 additus.
759 853 845 924 Inde,
865 851 930 928 lupi
949 871 1005 912 ceu
1083 876 1142 935 355

43 951 45 958 ¹
142 933 289 1007 Raptores
308 943 371 992 atra
390 931 421 991 in
443 933 560 1004 nebula,
582 950 659 1008 quos
678 931 803 1006 inproba
822 931 932 992 ventris
1017 980 1018 984 ,

142 1011 246 1090 Exegit
266 1031 370 1073 caecos
389 1011 494 1083 rabies,
515 1011 663 1088 catulique
682 1011 776 1072 relicti

141 1091 288 1151 Faucibus
308 1102 479 1168 exspectant
500 1091 593 1164 siccis,
615 1110 667 1168 per
687 1094 755 1166 tela,
776 1111 830 1168 per
849 1094 948 1153 hostes

138 1171 283 1232 Vadimus
303 1173 383 1231 haud
403 1170 525 1232 dubiam
546 1170 576 1230 in
597 1181 732 1244 mortem,
754 1172 929 1249 mediaeque
948 1185 1091 1237 tenemus

139 1251 230 1310 Urbis
250 1251 321 1313 iter:
348 1271 408 1312 nox
427 1262 490 1310 atra
510 1271 582 1310 cava
601 1250 793 1312 circumvolat
813 1256 925 1313 umbra.
1079 1260 1140 1332 360

139 1331 214 1404 Quis
235 1333 351 1391 cladem
371 1331 448 1391 illius
470 1330 573 1405 noctis,
596 1330 663 1407 quis
683 1332 786 1391 funera
806 1333 897 1393 fando

139 1411 281 1486 Explicet,
303 1422 353 1470 aut
373 1411 467 1488 possit
487 1410 613 1470 lacrimis
634 1431 760 1487 aequare
780 1414 918 1473 labores?

139 1492 217 1551 Urbs
237 1491 359 1568 antiqua
378 1491 441 1564 ruit,
464 1493 574 1551 multos
595 1491 747 1551 dominata
767 1511 820 1568 per
840 1512 953 1556 annos:

137 1571 266 1630 Plurima
285 1591 397 1648 perque
416 1572 478 1630 vias
499 1582 667 1631 sternuntur
686 1571 790 1631 inertia
809 1573 919 1648 passim

134 1652 277 1727 Corpora,
298 1671 410 1728 perque
430 1653 536 1711 domos
558 1663 587 1711 et
607 1650 742 1728 religiosa
762 1653 886 1712 deorum
1076 1663 1135 1736 3⁶5

136 1730 258 1790 Limina
301 1734 367 1791 Nec
387 1731 442 1791 soli
461 1750 574 1808 poenas
594 1733 667 1790 dant
687 1731 828 1808 sanguine
848 1733 954 1792 Teucri
960 1755 969 1808 3

135 1812 296 1885 Quondam
318 1811 406 1871 etiam
426 1811 510 1871 victis
530 1810 605 1871 redit
626 1810 655 1870 in
677 1811 849 1887 praecordia
868 1813 967 1888 virtus,

133 1890 327 1968 Victoresque
348 1892 458 1951 cadunt
480 1891 585 1951 Danai.
629 1890 764 1952 Crudelis
785 1892 896 1969 ubique

134 1971 253 2044 LuctuS,
275 1971 385 2048 ubique
406 1991 506 2047 pavor,
528 1983 558 2032 et
578 1970 705 2048 plurima
725 1972 826 2032 mortis
846 1973 952 2049 imago.

174 2051 306 2112 ‘Primus
326 2072 365 2126 se,
387 2054 525 2111 Danaum
547 2071 654 2127 magna
673 2051 833 2112 comitante
853 2064 978 2126 caterva,
1070 2073 1134 2133 370

131 2132 306 2208 Androgeos
326 2135 410 2193 offert
429 2132 524 2203 nobis,
546 2132 626 2192 socia
646 2131 765 2208 agmina
785 2133 908 2192 credens

133 2212 254 2284 Inscius,
276 2225 366 2288 atque
385 2214 462 2272 ultro
482 2212 579 2271 verbis
600 2213 760 2287 compellat
779 2211 899 2273 amicis:

132 2291 307 2364 ‘Festinate,
327 2291 399 2352 viri:
425 2311 495 2350 nam
517 2311 594 2368 quae
614 2302 675 2350 tam
695 2311 759 2351 sera
779 2304 911 2352 moratur
1011 2333 1014 2340 -

132 2371 316 2447 ‘Segnitiesi
341 2370 391 2429 alii
412 2372 528 2447 rapiunt
548 2371 669 2431 incensa
688 2373 844 2447 feruntque

131 2454 140 2483 ‘
151 2452 309 2527 Pergama:
335 2470 388 2511 vos
409 2451 495 2511 celsis
515 2471 594 2511 nunc
615 2451 743 2527 primum
763 2472 781 2510 a
801 2451 926 2512 navibus
946 2453 1023 2514 itis!’
1064 2475 1126 2537 375

129 2530 229 2606 Dixit3
250 2543 279 2590 et
299 2533 587 2608 extemplo-neque
608 2531 688 2591 enim
708 2551 849 2608 responsa
869 2533 1014 2594 dabantur

128 2611 203 2670 Fida
222 2611 423 2671 satis-sensit
443 2611 557 2672 medios
577 2613 715 2688 delapsus
734 2610 766 2670 in
786 2613 893 2672 hostes

127 2690 286 2768 Obstipuit,
308 2702 444 2767 retroque
464 2692 572 2767 pedem
593 2711 661 2751 cum
680 2710 755 2751 voce
775 2691 919 2767 repressit

127 2772 313 2847 Inprovisum
334 2771 428 2846 aspris
448 2771 539 2832 veluti
560 2771 612 2848 qui
632 2771 764 2830 sentibus
785 2790 912 2848 anguem
1213 2841 1214 2850 χ

127 2851 234 2911 Pressit
254 2851 336 2911 humi
355 2851 460 2922 nitens,
481 2850 672 2927 trepidusque
692 2861 814 2927 repente
833 2853 939 2929 refugit
1058 2860 1122 2932 380
1213 2857 1214 2909 l

123 2932 317 2990 Attollentem
336 2930 402 3003 iras,
422 2942 453 2990 et
473 2933 591 2990 caerula
610 2932 687 2990 colla
706 2942 888 2991 tumentem:

125 3010 217 3068 Haud
237 3029 322 3069 secus
342 3011 518 3084 Androgeos
536 3010 601 3069 visu
622 3011 809 3070 tremefactus
829 3010 937 3070 abibat

123 3087 271 3146 Inruimus
291 3088 390 3146 densis
410 3099 440 3145 et
459 3087 720 3148 circumfundimur
739 3090 835 3162 armis,

123 3165 305 3238 Ignarosque
325 3165 382 3222 loci
403 3165 512 3239 passim
533 3178 562 3224 et
581 3167 739 3227 formidine
758 3179 861 3244 captos

122 3240 290 3300 Sternirnus.
332 3242 470 3316 Adspirat
490 3243 585 3316 primo
605 3245 722 3304 fortuna
742 3247 842 3306 labori.

122 3321 222 3394 Atque
241 3318 290 3378 hic
310 3337 446 3378 successu
466 3322 616 3380 exsultans
635 3323 800 3401 animisque
820 3328 986 3404 Coroebus,
