2460 3686
154 77 211 149 246
402 65 440 126 Ρ.
478 65 671 126 Vanam
691 65 904 154 narolus

153 192 213 270 Qui
232 192 322 254 subiit
343 195 468 271 palmae,
490 194 654 268 frustraque
674 193 713 252 ad
732 191 864 268 praemia
883 192 968 252 venit

153 273 275 347 Ultima,
297 273 322 333 si
343 273 430 351 primi
451 273 530 334 Salio
550 275 712 334 reddantur
732 274 867 332 honores.

152 355 232 413 Tum
252 365 334 432 pater
355 357 481 426 Aeneas,
505 355 644 427 ‘Vestra'
665 352 767 430 inquit,
793 358 933 412 ‘munera
954 351 1046 412 vobis

153 436 262 496 ‘Certa
282 446 412 508 manent,
436 433 528 511 pueri,
550 445 580 495 et
600 435 729 511 pahnam
749 445 851 493 movet
871 431 979 493 ordine
999 451 1115 494 nemo:

154 518 225 574 ‘Me
246 515 333 575 liceat
353 533 438 574 casus
458 513 593 574 miserari
607 513 733 574 insontis
753 512 858 573 amici!

152 595 182 654 Si
202 597 287 669 fatus,
310 606 424 672 tergum
445 595 564 656 Gaetuli
584 594 704 654 inmane
724 593 818 654 leonis

153 678 213 735 Dat
225 676 320 749 'Sali0,
345 675 420 736 villis
441 695 599 736 onerosum
621 686 710 750 atque
731 674 876 751 unguibus
896 673 1002 732 aureis

152 756 214 816 Hic
234 756 332 829 Nisus,
357 755 404 816 ‘Si
424 759 523 829 tanta,’
544 755 647 832 inquit,
670 761 754 815 ‘suut
778 751 908 830 praemia
927 753 1025 826 victis,

152 838 209 895 ‘Et
229 846 259 897 te
279 838 429 912 lapsorum
450 835 578 910 miseret,
599 855 674 912 quae
695 854 818 895 munera
839 834 914 892 Niso

153 916 268 994 ‘Digna
288 915 394 977 dabis?
423 917 548 994 primam
569 915 662 976 merui
682 915 735 992 qui
754 916 843 974 laude
864 933 1019 988 coronam,
1096 931 1151 990 355

154 997 211 1056 ‘Ni
232 1017 289 1068 me,
312 1017 388 1073 quae
409 996 528 1069 Salium,
550 997 668 1056 fortuna
687 995 807 1055 inimica
827 993 973 1055 tulissetz’

150 1079 190 1136 Et
210 1077 297 1136 simul
317 1077 362 1137 his
384 1077 470 1145 dictis
490 1078 595 1136 faciem
617 1078 792 1147 ostentabat,
815 1086 845 1134 et
865 1075 927 1134 udo

74 1161 78 1174 '
148 1157 261 1234 Turpia
281 1159 414 1217 membra
434 1159 514 1218 fimo.
556 1156 634 1218 Risit
654 1167 738 1234 pater
758 1156 889 1233 optimus
909 1153 971 1229 oili,

150 1239 188 1296 Et
209 1238 338 1314 clipeum
359 1237 454 1297 efferri
474 1237 565 1310 iussit,
589 1237 784 1313 Didymaonis
805 1246 889 1310 artes,

149 1318 282 1395 Neptuni
303 1338 385 1378 sacro
408 1318 520 1378 Danais
541 1319 578 1378 de
599 1329 683 1395 poste
703 1319 833 1377 refixum.

151 1399 221 1457 Hoc
242 1398 379 1458 iuvenem
400 1398 549 1475 egregium
569 1397 729 1475 praestanti
749 1417 872 1458 munere
893 1397 995 1456 donat.

188 1481 269 1552 Post,
290 1479 342 1538 ubi
362 1479 490 1539 confecti
511 1497 620 1551 cursus,
643 1489 673 1538 et
693 1479 773 1537 dona
793 1476 923 1554 peregit,

149 1561 266 1632 ‘Nunc‚
288 1557 314 1618 si
333 1559 382 1618 cui
401 1559 493 1619 virtus
514 1559 689 1634 animusque
709 1558 740 1616 in
760 1569 882 1634 pectore
902 1576 1046 1634 praesens

149 1639 264 1711 ‘Adsit
287 1650 317 1699 et
337 1638 458 1700 evinctis
479 1641 594 1699 attollat
613 1639 751 1700 bracchia
770 1637 895 1714 palmis!

147 1719 195 1778 Sic
215 1720 265 1792 ait,
287 1731 317 1780 et
336 1719 487 1796 geminum
508 1738 625 1797 pugnae
646 1719 786 1797 proponit
805 1719 960 1792 honorem,
1089 1722 1144 1795 365
1210 1737 1211 1742 ¹

146 1799 260 1861 Victori
279 1802 409 1860 velatum
429 1820 500 1860 auro
520 1799 659 1876 vittisque
677 1798 843 1874 iuvencum,
1210 1823 1211 1832 ¹

147 1881 258 1940 Ensem
279 1893 369 1957 atque
389 1880 535 1957 insignem
558 1882 682 1957 galeam,
704 1879 808 1940 solatia
826 1879 915 1938 victo.

146 1962 212 2020 Nec
232 1979 332 2035 mora,
362 1961 507 2020 continuo
527 1959 616 2020 vastis
637 1980 706 2019 cum
726 1959 836 2019 viribus
857 1961 940 2020 effert

145 2042 207 2101 Ora
227 2044 328 2115 Dares,
351 2060 520 2118 magnoque
540 2041 639 2100 virum'
655 2060 688 2100 se
708 2059 856 2100 murmure
876 2039 953 2100 tollit
960 2059 971 2114 3
1210 2103 1211 2108 χ

145 2123 231 2182 Solus
252 2121 302 2198 qui
324 2121 461 2182 Paridem
483 2121 585 2182 solitus
606 2123 786 2182 contendere
807 2131 918 2193 contra,
1085 2137 1140 2197 370

117 2202 291 2278 -Idemque
310 2203 350 2261 ad
370 2203 525 2274 tumulum,
548 2221 608 2278 quo
629 2201 774 2261 maximus
794 2203 922 2260 occubat
943 2201 1069 2274 Hector,

143 2281 295 2342 Victorem
317 2284 421 2355 Buten,
442 2282 554 2342 inmani
574 2301 697 2358 corpore
717 2280 768 2358 qui
788 2301 819 2342 se
1210 2291 1211 2302 ²

145 2361 287 2437 Bebrycia
307 2363 429 2423 veniens
449 2362 556 2438 Amyci
575 2364 613 2422 de
634 2373 722 2438 gente
742 2363 863 2435 ferebat,

144 2441 280 2512 Perculit,
302 2453 332 2502 et
352 2445 431 2502 fulva
451 2445 660 2503 moribundum
681 2442 814 2503 extendit
834 2461 928 2501 arena

143 2521 224 2580 Talis
244 2522 340 2598 prima
361 2526 456 2583 Dares
476 2535 566 2601 caput
586 2525 678 2583 altum
698 2522 731 2582 in
751 2522 862 2600 proelia
882 2519 966 2595 tollit,
1081 2539 1135 2599 375

143 2601 343 2679 Ostenditque
363 2603 502 2663 humeros
522 2606 606 2676 latos,
628 2605 800 2680 alternaque
821 2603 910 2662 iactat

143 2683 285 2743 Bracchia
305 2685 493 2760 protendens,
516 2696 546 2744 et
566 2685 700 2744 verberat
720 2683 827 2744 ictibus
848 2703 939 2742 auras

143 2763 298 2838 Quaeritur
317 2763 387 2823 huic
406 2765 498 2824 alius:
526 2784 583 2824 nec
603 2765 760 2841 quisquam
780 2783 818 2823 ex
838 2763 954 2840 agmine
975 2773 1059 2823 tanto

142 2845 243 2904 Audet
262 2844 343 2904 adire
364 2843 458 2904 virum
479 2845 675 2920 manibusque
696 2844 836 2904 inducere
857 2855 979 2921 caestus

142 2926 221 3001 Ergo
242 2925 352 2999 alacris,
377 2937 559 3001 cunctosque
580 2935 689 3001 putans
710 2925 853 2984 excedere
873 2924 981 3000 palma,
1079 2926 1133 3000 380
1210 2927 1211 2998 ζ

140 3007 261 3064 Aeneae
282 3004 362 3064 stetit
382 3017 450 3064 ante
471 3006 572 3081 pedes,
593 3024 651 3065 nec
671 3005 755 3081 plura
775 3016 912 3078 moratus,
1210 2999 1211 3008 ’

140 3085 220 3142 Tum
241 3085 326 3143 laeva
346 3096 461 3144 taurum
484 3105 575 3145 cornu
596 3096 687 3156 tenet,
710 3094 799 3161 atque
819 3085 861 3144 ita
881 3085 975 3144 fatur:

141 3165 239 3222 ‘Nate
260 3164 324 3238 dea,
350 3163 374 3224 si
394 3183 484 3224 nemo
505 3166 595 3226 audet
615 3184 647 3224 se
668 3165 787 3224 credere
808 3183 934 3241 pugnae,

141 3244 248 3315 ‘Quae
267 3243 334 3301 finis
355 3242 474 3301 standi?
503 3261 564 3318 quo
588 3263 636 3302 me
656 3245 743 3303 decet
763 3263 857 3318 usque
877 3243 992 3303 teneri?

140 3323 277 3380 ‘Ducere
298 3323 378 3380 dona
398 3320 485 3378 iube!
527 3322 635 3380 Cuncti
655 3323 740 3380 simul
762 3342 813 3381 ore
832 3325 997 3383 fremebant
1076 3329 1128 3403 385
