2494 3702
390 111 663 174 GEorrcrcoru
677 113 762 169 rra.
784 111 851 168 JJJ.
1060 131 1110 184 141

111 261 350 334 Extremamque
372 259 457 334 sequi
481 268 533 316 aut
556 256 657 316 medio
680 258 875 332 procumbere
897 277 1005 335 campo

113 343 296 400 Pascentem
319 349 349 398 et
372 357 455 397 serae
479 341 572 397 solam
598 338 743 397 decedere
767 337 849 396 nocti
859 357 868 410 3

114 419 272 482 Continuo
295 420 415 495 culpam
438 420 514 477 ferro
538 436 704 493 compesce,
727 417 897 493 priusquam

115 499 194 559 Dira
215 519 267 576 per
289 499 441 557 incautum
463 509 581 574 serpant
605 497 742 574 contagia
765 498 877 574 volgus.

115 583 191 640 Non
215 591 276 638 tam
300 579 401 639 creber
423 598 513 655 agens
535 577 665 637 hiemem
686 577 745 636 ruit
769 596 897 653 aequore
921 579 1016 650 turbo,
1055 597 1112 654 470

116 663 220 734 Quam
242 662 352 718 multae
375 659 524 735 pecudum
547 669 654 734 pestes.
697 660 763 716 Nec
785 657 898 734 singula
920 659 1016 719 morbi

116 742 255 816 Corpora
277 739 446 815 corripiunt,
472 740 525 798 sed
550 749 613 798 tota
637 737 748 798 aestiva
770 749 901 814 repente,

115 822 269 898 Spemque
288 839 465 896 gregemque
484 818 571 877 simul
584 829 781 895 cunctamque
800 820 837 878 ab
852 817 965 895 origine
982 830 1110 896 gentem.

114 904 197 960 Tum
220 899 301 972 sciat,
324 899 415 959 aerias
436 901 529 976 Alpes
549 909 579 958 et
601 898 711 958 Norica
731 898 756 957 si
776 899 842 974 quis

115 981 250 1042 Castella
269 981 301 1039 in
322 977 442 1038 tumulis
462 991 492 1038 et
514 977 634 1056 Iapydis
653 998 723 1037 arva
743 977 860 1038 Timavi
1053 997 1109 1056 475

114 1062 209 1121 Nunc
230 1080 350 1137 quoque
370 1071 439 1136 post
458 1071 543 1119 tanto
563 1059 662 1120 videat
682 1061 856 1135 desertaque
877 1079 967 1136 regna

115 1144 276 1201 Pastorum
298 1152 328 1200 et
348 1142 437 1217 longe
457 1142 547 1198 saltus
567 1141 685 1216 lateque
705 1151 850 1199 vacantes.

159 1221 222 1280 Hic
243 1222 396 1297 quondam
417 1223 522 1280 morbo
543 1221 617 1279 caeli
638 1219 806 1279 miseranda
827 1230 928 1279 coorta
948 1231 993 1280 est

115 1305 304 1377 Tempestas,
326 1312 449 1377 totoque
470 1301 603 1359 autumni
623 1299 776 1359 incanduit
796 1311 888 1372 aestu,

116 1384 158 1441 Et
178 1401 273 1458 genus
294 1400 383 1441 omne
404 1380 471 1440 neci
492 1382 642 1456 pecudum
664 1380 753 1452 dedit,
776 1399 865 1440 omne
885 1383 1018 1456 ferarum,
1053 1385 1111 1454 480

116 1461 318 1539 Corrupitque
339 1463 427 1533 lacus,
448 1461 550 1519 infecit
571 1462 682 1537 pabula
702 1463 781 1520 tabo.

117 1545 192 1608 Nec¹
207 1541 254 1600 via
274 1541 374 1601 mortis
396 1553 458 1600 erat
479 1541 611 1620 siolex,
633 1542 686 1600 sed
707 1541 757 1600 ubi
777 1541 864 1619 ignea
883 1541 965 1602 venis

117 1622 267 1682 Omnibus
288 1633 354 1681 acta
375 1621 440 1690 sitis¹
458 1620 579 1680 miseros
600 1622 763 1680 adduxerat
784 1634 870 1694 artus,

117 1705 235 1762 Rursus
254 1702 426 1761 abundabat
446 1701 553 1760 fluidus
574 1701 669 1776 liquor
689 1702 848 1778 omniaque
868 1703 897 1760 in
920 1723 953 1762 se

16 1801 19 1808 ·
118 1785 198 1844 Ossa
218 1781 386 1841 minutatim
406 1783 511 1842 morbo
532 1783 673 1858 conlapsa
693 1785 833 1844 trahebat.
1052 1787 1108 1860 485

117 1865 215 1938 Saepe
235 1862 266 1921 in
286 1864 399 1922 honore
420 1864 509 1922 deum
530 1863 631 1921 medio
652 1874 732 1923 stans
752 1863 849 1924 hostia
869 1865 908 1923 ad
928 1882 1017 1935 aram,

118 1945 222 2003 Lanea
241 1943 313 2002 dum
333 1943 420 2002 nivea
439 1941 635 2001 circumdatur
655 1943 746 2002 infula
766 1944 847 2015 vitta,

118 2027 203 2083 Inter
223 2033 396 2082 cunctantes
416 2021 524 2082 cecidit
544 2025 721 2083 moribunda
740 2023 896 2084 ministros

117 2107 182 2163 Aut
203 2102 335 2180 siquam
357 2105 432 2162 ferro
453 2113 631 2162 mactaverat
651 2114 719 2163 ante
741 2105 886 2176 sacerdos,

118 2184 198 2243 Inde
219 2202 315 2259 neque
336 2181 481 2259 impositis
502 2185 607 2242 ardent
626 2183 728 2242 altaria
747 2183 827 2243 fibris
1052 2204 1110 2262 490

118 2266 187 2323 Nec
202 2275 349 2339 'responsa
368 2272 466 2339 potest
486 2265 636 2322 consultus
656 2264 779 2323 reddere
798 2275 880 2324 vates

118 2347 166 2402 Ac
186 2342 235 2401 vix
255 2343 400 2420 suppositi
421 2343 571 2419 tinguntur
591 2341 733 2418 sanguine
753 2344 840 2403 cultri

118 2427 300 2498 Summaque
321 2424 419 2482 ieiuna
438 2423 519 2483 sanie
540 2422 699 2482 infuscatur
718 2425 835 2484 harena.

120 2503 205 2563 Hinc
224 2503 308 2562 laetis
329 2503 411 2562 vituli
430 2505 518 2579 volgo
538 2503 702 2562 moriuntur
721 2503 752 2562 in
773 2503 872 2565 herbis

120 2586 162 2643 Et
183 2585 284 2643 dulces
304 2582 417 2642 animas
437 2584 526 2658 plena
546 2585 585 2642 ad
606 2583 758 2660 praesepia
778 2587 923 2659 reddunt;
1052 2605 1107 2664 495

121 2662 205 2723 Hinc
225 2662 348 2722 canibus
369 2662 485 2722 blandis
504 2662 600 2723 rabies
620 2664 709 2737 venit,
731 2676 761 2724 et
781 2666 875 2742 quatit
896 2687 997 2743 aegros

120 2743 224 2802 Tussis
244 2743 352 2801 anhela
372 2761 438 2802 sues
459 2761 495 2802 ac
514 2744 648 2804 faucibus
669 2744 750 2821 angit
770 2745 875 2805 obesis.

120 2823 242 2882 Labitur
261 2821 362 2882 infelix
382 2823 545 2882 studiorum
566 2835 654 2900 atque
673 2824 831 2883 immemor
849 2826 958 2886 herbae

119 2901 226 2962 Victor
245 2921 338 2978 equus
359 2904 515 2980 sontesque
535 2904 675 2963 avertitur
696 2915 725 2963 et
745 2905 824 2980 pede
844 2915 949 2964 terram

120 2984 232 3044 Crebra
252 2981 336 3055 serit;
362 2983 507 3043 demissae
527 3003 620 3054 aures,
642 2984 771 3043 incertus
790 2984 902 3045 ibidem
1052 3007 1110 3065 500

121 3065 217 3124 Sudor
238 3073 267 3121 et
287 3063 337 3122 ille
358 3063 479 3138 quidem
499 3063 646 3123 morituris
667 3062 795 3140 frigidus,
817 3077 879 3126 aret

121 3143 209 3202 Pellis
230 3153 260 3202 et
280 3144 319 3201 ad
340 3153 451 3202 tactum
472 3143 610 3204 tractanti
629 3144 703 3203 dura
721 3144 835 3204 resistit.

121 3225 209 3282 Haec
229 3232 297 3282 ante
318 3223 439 3281 exitium
459 3223 561 3298 primis
582 3225 654 3283 dant
675 3223 757 3301 signa
777 3225 902 3303 diebus;

120 3305 170 3362 Sin
191 3301 222 3361 in
243 3301 384 3378 processu
404 3302 502 3378 coepit
523 3304 695 3362 crudescere
716 3305 843 3374 morbus,

120 3385 199 3444 Tum
219 3401 290 3444 vero
311 3382 447 3441 ardentes
468 3381 546 3439 oculi
567 3392 656 3456 atque
676 3391 815 3438 attractus
835 3385 873 3440 ab
894 3383 954 3438 alto
1054 3398 1109 3453 505
