2494 3702
127 107 182 146 110
386 96 422 153 11
454 97 644 184 varoli]
658 97 870 158 MARONJS

126 219 232 279 Omnis
253 239 343 296 quam
363 223 470 281 chorus
491 234 521 282 et
541 222 614 281 socii
634 224 811 284 comitentur
832 236 964 298 ovanteS,

127 301 166 358 Et
187 301 325 361 Cererem
350 303 479 361 clamore
502 313 611 362 vocent
634 302 665 361 in
690 314 785 375 tecta;
814 323 913 380 neque
933 315 1005 364 ante

127 381 245 440 Falcem
269 380 391 440 maturis
412 381 568 458 quisquam
590 394 738 459 supponat
759 383 863 457 aristis,

127 460 226 533 Quam
248 461 348 520 Cereri
369 472 446 520 torta
465 461 619 521 redimitus
639 474 775 538 tempora
795 483 907 539 quercu

128 542 188 598 Det
209 551 308 600 motus
328 541 542 617 incompositos
562 552 593 602 et
616 543 747 602 carmina
768 543 855 602 dicat.
1061 562 1122 621 35ο

166 623 266 696 Atque
286 621 360 680 haec
380 631 413 680 ut
434 622 520 681 certis
541 641 695 698 possemus
716 623 830 683 discere
851 623 950 700 signis,

127 702 294 776 Aestusqne
315 701 488 792 pluviasque
509 714 539 762 et
560 714 681 778 agentes
701 703 807 779 frigora
827 716 940 777 ventos,

128 782 198 855 Ipse
220 783 306 840 Pater
326 780 435 854 statuit,
458 781 530 857 quid
552 794 701 841 menstrua
721 784 793 841 luna
812 795 954 856 moneret,

129 861 241 934 Quo
219 841 303 937 sigub
324 828 464 920 caderent
484 861 592 934 Austri,
614 861 687 937 quid
708 881 797 938 saepe
817 863 952 922 videntes

128 941 283 1016 Agricolae
304 941 425 1018 propius
446 941 568 1000 stabulis
589 952 722 1001 armenta
743 953 884 1002 tenerent
1060 959 1120 1020 355

129 1021 282 1080 Continuo
302 1023 398 1080 ventis
420 1021 606 1096 surgentibus
628 1031 678 1080 aut
699 1023 773 1081 freta
793 1022 878 1098 ponti

130 1101 281 1177 Incipiunt
306 1100 414 1178 agitata
436 1112 599 1160 tumescere
620 1112 650 1160 et
670 1101 768 1160 aridus
788 1102 855 1161 altis

130 1181 286 1240 Montibus
308 1181 402 1241 audiri
426 1183 530 1256 fragor,
554 1191 604 1240 aut
627 1180 795 1240 resonantia
819 1184 907 1258 longe

130 1261 230 1320 Litora
252 1260 367 1321 misceri
391 1271 421 1321 et
443 1279 597 1320 nemorum
622 1261 836 1321 increbrescere
852 1280 996 1320 murmur.

131 1344 195 1399 lam
221 1340 276 1400 sibi
300 1353 362 1400 turn
388 1341 482 1400 curvis
507 1339 583 1399 male
606 1351 751 1415 temperat
773 1341 855 1400 unda
877 1341 991 1414 carinis,
1061 1343 1122 1415 360

131 1423 209 1481 Cum
231 1421 331 1480 medio
353 1422 462 1480 celeres
484 1423 616 1480 revolant
639 1439 675 1480 ex
696 1438 824 1497 aequore
849 1423 941 1498 mergi

131 1502 358 1592 Clamoremque
381 1504 477 1560 ferunt
501 1502 540 1559 ad
564 1501 656 1574 litora,
682 1519 810 1575 cumque
832 1503 961 1560 marinae

132 1583 169 1640 In
190 1581 269 1640 sicco
290 1582 395 1640 ludunt
415 1575 529 1652 fulicae,
551 1591 696 1655 notasque
714 1581 839 1656 paludes

133 1661 249 1720 Deserit
269 1672 359 1750 atque
379 1663 467 1720 altam
489 1679 577 1736 supra
597 1662 676 1719 volat
696 1661 785 1719 ardea
805 1662 924 1719 nubem.

132 1742 226 1817 Saepe
247 1740 335 1800 etiarn
356 1742 455 1800 stellas
476 1750 566 1800 vento
586 1739 778 1815 impendente
798 1740 913 1800 videbis
1063 1743 1122 1817 365

133 1821 311 1897 Praecipites
332 1823 416 1880 caelo
440 1820 509 1891 labi,
535 1819 688 1895 noctisque
712 1839 765 1895 per
786 1823 918 1878 umbram

132 1904 330 1960 Flammarum
355 1903 460 1976 longos
481 1919 500 1958 a
521 1911 603 1975 tergo
627 1901 776 1959 albescere
799 1911 926 1971 tractus;

132 1984 228 2058 Saepe
245 1984 344 2041 levem
369 1982 486 2056 paleam
510 1991 540 2038 et
562 1980 683 2038 frondes
706 1979 828 2038 volitare
853 1980 989 2052 caducas,

132 2065 193 2122 Aut
214 2079 330 2122 summa
352 2071 456 2120 nantes
480 2059 510 2118 in
534 2077 612 2150 aqua
636 2051 785 2118 colludere
807 2060 930 2134 plumas

133 2144 173 2200 At
194 2145 306 2202 Boreae
327 2143 366 2200 de
388 2152 471 2216 parte
491 2139 580 2198 trucis
603 2157 671 2196 cum
692 2137 836 2210 fulminat,
859 2149 889 2198 et
910 2157 979 2197 cum
1062 2155 1122 2212 370

123 2222 261 2298 ‘Eurique
284 2221 468 2298 Zephyrique
490 2229 575 2278 tonat
599 2220 723 2308 domus:
754 2218 855 2277 omnia
876 2217 972 2293 plenis

104 2337 105 2340 =
134 2304 216 2360 Rura
239 2311 343 2361 natant
366 2300 460 2372 fossis,
483 2309 572 2374 atque
594 2298 689 2357 omnis
713 2297 812 2356 navita
833 2309 925 2373 ponto

134 2381 247 2442 Umida
265 2382 331 2440 vela
350 2381 429 2456 legit
470 2380 642 2453 Numquam
662 2377 899 2469 imprudentibus
920 2377 1014 2436 imber

134 2462 255 2522 Obfuit:
282 2471 333 2520 aut
356 2460 439 2517 illum
463 2465 630 2534 surgentem
651 2457 807 2516 vallibus
800 2457 867 2516 unis

133 2541 238 2600 Αὲ1ἰειε
260 2542 358 2617 fugere
380 2558 472 2614 grues,
496 2549 546 2596 aut
569 2539 677 2597 bucula
697 2539 813 2596 caelum
936 2546 940 2557 '
1061 2552 1120 2613 375

134 2620 300 2697 Suspiciens
322 2618 428 2695 patulis
452 2617 581 2693 captavit
603 2608 722 2676 naribus
744 2637 837 2688 auras,

133 2704 195 2759 Aut
218 2712 320 2777 arguta
341 2701 421 2758 lacus
445 2696 688 2788 circumvolitavit
710 2696 837 2756 hirundo

134 2785 175 2840 Et
195 2792 324 2840 veterem
347 2779 379 2838 in
400 2779 471 2837 limo
492 2796 581 2836 ranae
605 2776 738 2836 cecinere
762 2777 930 2852 querellam

135 2861 256 2938 Saepius
278 2871 308 2920 et
328 2858 414 2918 tectis
437 2857 635 2948 penetralibus
659 2857 761 2915 extulit
785 2876 842 2915 ova

134 2945 299 3018 Angustum
323 2939 445 3000 formica
468 2949 564 2997 terens
587 2936 649 3009 iter,
677 2947 706 2996 et
727 2935 833 2995 bibit
826 2955 929 3013 ingens
1060 2939 1120 3009 380

135 3025 237 3092 Arcus,
263 3032 293 3079 et
317 3039 333 3079 e
354 3031 440 3094 pastu
462 3016 610 3076 decedens
631 3015 749 3106 agmine
771 3035 879 3092 magno

136 3103 299 3187 Corvorum
321 3096 466 3185 increpuit
488 3095 588 3153 densis
613 3095 755 3154 exercitus
777 3096 838 3154 alis.

137 3181 202 3237 Iam
226 3177 322 3235 variae
345 3173 442 3250 pelagi
464 3175 598 3231 volucres
620 3184 650 3232 et
671 3192 748 3247 quae
769 3174 840 3231 Asia
864 3173 973 3232 circum

139 3255 283 3314 Dulcibus
308 3254 339 3312 in
362 3251 471 3326 stagnis
494 3252 635 3308 rimantur
656 3262 739 3325 prata
764 3252 885 3326 Caystri,

137 3334 279 3396 Certatim
301 3333 396 3407 largos
418 3329 525 3388 umeris
547 3328 699 3388 infundere
722 3349 818 3389 rores:
1060 3335 1117 3407 385
