2442 3686
374 147 612 207 AENEIDOS
636 149 722 207 LIB
748 150 825 207 XII.

107 271 284 330 ‘Aeneadae
305 273 437 345 referent,
460 275 571 334 ferrove
591 275 666 335 haec
686 295 776 352 regna
795 279 948 338 lacessent.

102 351 178 410 ‘Sin
197 361 329 409 nostrum
350 353 485 411 adnuerit
505 354 593 413 nobis
614 355 745 414 Victoria
767 359 945 429 Martem,—

102 432 172 490 ‘Ut
191 429 290 505 potius
310 449 383 502 reor,
407 444 436 490 et
456 433 555 507 potius
576 433 606 493 di
627 436 748 494 numine
762 438 925 496 firment-

102 511 197 568 ‘Non
218 528 274 585 ego
293 529 350 569 nec
370 512 492 571 Teucris
514 515 605 572 Italos
626 534 728 590 parere
747 516 866 588 iubebo,

72 595 80 610 ‘
101 591 192 646 ‘Nec
211 588 283 646 mihi
304 608 394 666 regna
414 603 499 666 pet03
519 594 639 683 paribus
660 613 692 654 se
712 595 826 671 legibus
846 597 951 657 ambae
1053 625 1054 628 ¹

102 667 259 727 ‘Invictae
278 680 381 744 gentes
402 681 522 730 aeterna
542 672 572 730 in
593 675 713 732 foedera
732 674 855 733 mittant

102 749 214 806 ‘Sacra
234 748 366 824 deosque
387 749 482 824 dab03
502 770 586 811 socer
606 773 687 811 arma
708 753 830 812 Latinus
851 755 971 827 habeto,

101 827 282 902 ‘Imperium
303 827 445 887 sollemne
466 847 566 902 socer,
589 827 660 886 mihi
682 828 799 887 moenia
819 828 927 889 Teucri

102 903 325 975 ‘Constituent,
347 903 471 980 urbique
492 905 575 964 dabit
595 906 719 964 Lavinia
738 909 866 965 nomen'

102 983 155 1042 Sic
174 982 252 1059 prior
271 985 389 1042 Aeneas
394 1005 403 1058 3
423 984 554 1059 sequitur
573 984 616 1043 sic
636 985 744 1044 deinde
765 986 896 1058 Latinus,

102 1062 274 1138 Suspiciens
295 1064 419 1135 caelum,
441 1063 596 1139 tenditque
616 1065 652 1123 ad
675 1065 772 1124 sidera
791 1067 937 1125 dextram:

104 1145 215 1201 ‘Haec
235 1142 349 1213 eadem,
371 1146 483 1216 Aenea,
505 1146 634 1216 Terram,
658 1147 750 1216 Mare,
772 1144 881 1215 Sidera,
904 1145 975 1204 iuro.

104 1225 319 1297 ‘Latonaeque
338 1241 432 1298 genus
453 1224 570 1299 duplex,
594 1227 758 1299 Ianumque
779 1224 946 1298 bifrontem,

103 1302 255 1376 ‘Vimque
276 1302 367 1360 deum
387 1302 530 1360 infernam
551 1313 580 1361 et
601 1303 665 1361 duri
687 1303 810 1362 sacraria
831 1303 908 1362 Ditis
913 1325 923 1376 ;

104 1380 238 1439 ‘Audiat
257 1382 332 1439 haec
353 1381 485 1453 Genitor,
508 1381 558 1456 qui
578 1383 698 1441 foedera
718 1383 839 1442 fulmine
860 1383 960 1444 sancit
1039 1406 1096 1444 200

104 1463 232 1535 ‘Tango
252 1479 324 1533 aras,
347 1461 462 1520 medios
484 1461 566 1536 ignes
587 1472 617 1520 et
636 1462 760 1520 numina
780 1473 883 1522 testor:

105 1541 218 1597 ‘Nulla
238 1539 301 1598 dies
322 1559 428 1616 pacem
448 1541 525 1599 hanc
546 1541 629 1600 Italis
649 1561 706 1601 nec
725 1543 845 1602 foedera
864 1554 987 1619 rumpet,

105 1620 196 1694 ‘Quo
217 1637 262 1678 res
283 1639 411 1695 cumque
432 1622 552 1694 eadent;
573 1641 629 1680 nec
649 1642 697 1682 me
717 1622 760 1680 vis
781 1625 841 1681 ulla
860 1624 1007 1683 volentem

102 1702 114 1734 ‘
125 1701 255 1772 Avertet,
276 1718 346 1770 non,
369 1699 394 1757 si
414 1702 548 1758 tellurem
570 1703 701 1760 effundat
722 1701 751 1760 in
773 1704 875 1773 undas,

104 1778 246 1837 ‘Diluvio
267 1778 401 1852 miscens,
424 1781 599 1856 caelumque
619 1781 651 1838 in
671 1783 792 1840 Tartara
813 1783 906 1840 solvat
911 1804 920 1857 3
1038 1800 1092 1861 205

103 1859 172 1917 ‘Ut
192 1869 338 1934 sceptrum
359 1859 575 1918 hoc'-dextra
596 1871 743 1936 sceptrum
764 1880 833 1918 nam
850 1863 924 1921 forte
938 1865 1096 1937 gerebat—-

104 1939 298 2013 ‘Numquam
318 1938 421 1997 fronde
442 1939 499 1998 levi
519 1941 624 1998 fundet
643 1939 766 2016 virgulta
785 1959 843 1999 uec
862 1942 987 2013 umbras,

104 2019 205 2076 ‘Cum
225 2019 317 2076 semel
337 2016 368 2076 iu
389 2017 468 2076 silvis
489 2018 549 2078 imo
570 2019 609 2078 de
630 2019 718 2095 stirpe
739 2019 864 2078 recisum

104 2099 224 2155 ‘Matre
245 2107 333 2168 caret,
355 2097 513 2172 posuitque
534 2117 635 2158 comas
656 2110 686 2158 et
705 2099 843 2158 bracchia
863 2100 954 2173 ferro;

105 2175 208 2236 ‘Olim
227 2178 328 2250 arb0s3
348 2195 428 2236 nunc
448 2177 564 2237 artificis
584 2197 688 2238 manus
708 2199 775 2238 aere
796 2179 905 2239 decoro
1039 2197 1097 2238 210

107 2255 259 2327 ‘Inclusit
282 2255 472 2331 patribusque
493 2259 575 2317 dedit
595 2269 709 2334 gestare
729 2258 858 2318 Latinis!

104 2334 230 2392 Talibus
251 2334 327 2393 inter
346 2355 378 2394 se
398 2338 553 2396 firmabant
573 2339 693 2397 foedera
713 2338 800 2398 dictis

106 2415 278 2488 Conspectu
299 2414 329 2472 in
350 2415 450 2475 medio
470 2435 632 2491 procerum.
675 2420 755 2477 Tum
775 2417 830 2478 rite
850 2429 976 2478 sacratas

106 2495 144 2551 In
165 2492 316 2551 flammam
336 2493 468 2569 iugulant
487 2497 626 2587 pecudes,
649 2507 678 2556 et
698 2498 810 2558 viscera
828 2498 900 2558 vivis

106 2570 251 2646 Eripiunt,
273 2576 483 2664 cumulantque
504 2576 630 2636 oneratis
651 2578 783 2637 lancibus
804 2597 874 2638 aras
1038 2593 1094 2652 215

146 2654 188 2709 At
207 2670 276 2712 vero
298 2653 444 2712 Rutulis
419 2673 520 2743 mpar
540 2673 576 2712 ea
595 2675 694 2732 pugna
713 2656 806 2716 videri
902 2715 905 2723 ,

107 2730 295 2820 Iamdudum,
318 2743 347 2792 et
367 2731 448 2792 vario
468 2733 582 2792 misceri
603 2747 723 2809 pectora
742 2745 838 2808 motu3

105 2811 184 2868 Tum
205 2810 306 2900 magis,
329 2822 361 2870 ut
381 2811 501 2901 propius
522 2824 645 2871 cernunt
666 2833 727 2872 non
747 2813 856 2873 viribus
875 2814 984 2890 aequis

106 2888 264 2947 Adiuvat
257 2909 372 2948 incessu
394 2891 484 2949 tacito
505 2909 674 2967 progressus
696 2905 725 2952 et
745 2912 825 2952 aram

105 2967 282 3043 Suppliciter
301 2988 444 3028 venerans
464 2969 593 3030 demisso
614 2971 724 3031 lumine
744 2975 869 3045 Turnus,
1039 2991 1097 3034 220

105 3049 315 3122 Tabentesque
335 3067 428 3124 genae
450 3059 479 3107 et
499 3048 653 3108 iuvenali'
645 3071 676 3109 m
697 3070 818 3128 corpore
839 3053 940 3141 pallor.

107 3127 206 3200 Quem
228 3125 315 3186 simul
334 3146 370 3185 ac
391 3130 514 3186 Iuturna
534 3148 617 3188 soror
637 3132 806 3190 crebesoere
826 3130 898 3190 vidit

107 3207 287 3278 Sermonem,
310 3215 340 3264 et
359 3205 438 3281 volgi
458 3206 567 3267 variare
588 3209 718 3268 labantia
738 3211 835 3281 corda,

108 3286 146 3340 In
166 3283 279 3342 medias
298 3284 386 3357 acies,
406 3287 530 3344 formam
550 3288 725 3346 adsimulata
745 3288 924 3360 Camerti,—

108 3361 167 3422 Cui
186 3381 278 3437 genus
299 3381 317 3420 a
336 3363 451 3437 proavis
470 3363 582 3439 ingens,
605 3367 775 3442 clarumque
795 3378 935 3441 paternae
1038 3383 1073 3421 22
1078 3381 1094 3440 5
