2460 3686
116 25 172 93 184
377 26 412 85 P.
443 25 633 86 VERGILI
646 24 857 84 MARONIS

118 156 184 213 ‘Ne
204 149 294 228 recipi
314 149 415 228 portis,
437 162 489 211 aut
509 149 578 212 duci
598 151 629 210 in
650 151 770 211 moenia
788 150 890 228 possit,

118 233 203 292 ‘Neu
224 234 367 309 populum
387 231 510 308 antiqua
530 233 585 291 sub
605 231 746 308 religione
765 232 847 292 tueri.

118 314 213 372 ‘Nam
234 311 259 372 si
277 323 374 372 vestra
393 331 499 371 manus
519 310 657 372 violasset
676 317 757 372 dona
778 311 940 385 Minervae,

119 395 212 452 ‘Tum
234 410 374 468 magnum
395 391 517 450 exitium
533 393 626 468 (quod
643 391 675 451 di
689 391 770 468 prius
785 411 874 451 omen
886 392 918 451 in
931 392 1032 470 ipsum
1057 413 1122 470 190

119 473 317 532 ‘Convertant
330 471 350 550 l)
372 471 481 530 Priami
501 471 625 548 imperio
646 471 869 548 Phrygibusque
889 475 1038 533 futurum:

118 551 185 612 ‘Sin
205 551 342 612 manibus
362 550 464 612 vestris
483 562 610 611 vestram
631 551 811 611 ascendisset
831 551 862 611 in
883 554 996 626 urbem,

118 634 221 693 ‘Ultro
241 630 344 690 Asiam
365 650 474 706 magno
494 633 625 707 Pelopea
645 633 684 690 ad
704 631 824 691 moenia
842 631 922 691 bello

118 715 305 782 ‘Venturam
327 721 358 771 et
377 722 494 770 nostros
515 730 551 770 ea
570 712 631 770 sata
650 730 770 771 manere
790 713 933 788 nepotes?

116 791 236 851 Talibus
257 790 370 850 insidiis
391 790 557 868 periurique
577 801 638 850 arte
659 790 777 852 Sinonis

118 872 237 933 Credita
256 891 310 942 res,
332 870 470 947 captique
489 871 566 930 dolis
585 871 771 947 lacrimisque
791 869 909 946 coactis,

117 953 201 1026 Quos
221 969 319 1028 neque
339 950 480 1028 Tydides,
502 969 558 1010 nec
578 949 746 1010 Larissaeus
767 952 907 1024 Achilles,

117 1033 187 1091 Non
208 1031 279 1090 anni
299 1031 441 1091 domuere
462 1032 575 1103 decem,
596 1050 658 1090 non
679 1031 760 1091 mille
779 1031 903 1090 carinae.

157 1111 233 1170 ‘Hic
252 1111 334 1170 aliud
354 1110 448 1171 maius
468 1110 580 1171 miseris
601 1112 754 1186 multoque
774 1112 961 1172 tremendum

116 1189 249 1252 Obicitur
269 1190 370 1268 magis,
391 1201 481 1266 atque
501 1190 655 1267 inprovida
674 1202 795 1267 pectora
814 1192 918 1268 turbat.

116 1272 266 1341 Laocoon,
288 1272 394 1331 ductus
416 1273 559 1347 Neptuno
580 1281 658 1332 sorte
679 1271 824 1344 sacerdos,

116 1351 415 1410 Sollemnes'taurum
436 1350 586 1427 ingentem
607 1353 757 1410 mactabat
777 1351 816 1410 ad
836 1370 907 1410 aras.

117 1433 196 1490 Ecce
216 1441 315 1490 autem
335 1429 445 1506 gemini
465 1452 483 1491 a
502 1432 628 1491 Tenedo
647 1430 804 1507 tranquilla
823 1450 876 1506 per
895 1431 955 1489 alta

116 1512 287 1586 (Horresco
300 1510 439 1588 referens)
458 1510 599 1570 inmensis
620 1511 740 1576 orbibus
760 1530 889 1587 angues·

117 1592 298 1651 Incumbunt
318 1592 431 1667 pelago,
454 1591 632 1668 pariterque
641 1592 680 1650 ad
700 1591 787 1650 litora
806 1591 950 1663 tendunt,

116 1673 240 1730 Pectora
260 1690 385 1747 quorum
407 1671 483 1730 inter
503 1671 608 1730 fluctus
628 1682 739 1730 arrecta
758 1670 907 1746 iubaeque

115 1751 297 1827 sanguineae
318 1761 456 1826 superant
477 1753 590 1825 undas;
610 1771 677 1827 pars
697 1761 795 1810 cetera
814 1762 941 1827 pontum

116 1833 199 1891 Pone
219 1831 297 1907 legit,
320 1830 496 1906 sinuantque
516 1831 652 1890 inmensa
671 1831 821 1890 volumine
841 1842 940 1906 terga;

114 1910 164 1969 Fit
184 1911 298 1971 sonitus
319 1921 475 1986 spumante
495 1912 565 1970 salo.
606 1913 729 1986 Iamque
750 1931 819 1970 arva
838 1913 990 1984 tenebant,

114 1992 320 2066 Ardentesque
340 1993 443 2050 oculos
464 1990 578 2050 suffecti
599 1990 741 2066 sanguine
762 2001 792 2050 et
811 1990 872 2066 igni
956 2019 957 2022 ¹

115 2070 205 2130 Sibila
225 2073 396 2130 lambebant
416 2071 523 2146 linguis
543 2069 724 2131 vibrantibus
745 2090 803 2129 ora
836 2088 838 2094 ’

115 2150 292 2226 Diffugimus
314 2150 376 2209 visu
397 2170 577 2227 exsangues:
604 2151 645 2209 illi
666 2151 782 2227 agmine
803 2161 884 2210 certo

115 2231 289 2290 Laocoonta
308 2241 421 2305 petunt.
466 2232 504 2289 Et
524 2231 651 2308 primum
673 2250 764 2306 parva
783 2231 910 2290 duorum

116 2311 247 2386 Corpora
267 2320 402 2368 natorum
425 2330 545 2387 serpens
565 2313 717 2386 amplexus
738 2322 862 2386 uterque

116 2390 250 2465 Inplicat,
274 2401 302 2448 et
323 2389 446 2450 miseros
465 2410 565 2450 morsu
586 2390 754 2466 depascitur
773 2401 851 2450 artus
860 2411 870 2463 ;

114 2470 187 2528 Post
206 2470 311 2546 ipsum,
334 2469 442 2530 auxilio
463 2474 639 2531 subeuntem
659 2490 695 2530 ac
715 2473 774 2530 tela
793 2471 947 2543 serentem,

115 2549 292 2626 Corripiunt,
313 2548 456 2626 spirisque
477 2550 569 2626 ligant
589 2550 757 2626 ingentibus
767 2573 776 2626 3
796 2561 827 2610 et
846 2549 906 2608 iam
979 2575 985 2590 ·

114 2628 163 2687 Bis
184 2629 316 2688 medium
337 2629 472 2707 amplexi,
494 2630 539 2690 bis
560 2631 638 2691 collo
659 2650 800 2707 squamea
818 2629 931 2689 circum

114 2711 210 2786 Terga
231 2708 299 2782 dati,
322 2722 462 2787 superant
482 2711 580 2786 capite
601 2721 630 2770 et
650 2710 814 2770 cervicibus
834 2708 909 2768 altis

46 2837 49 2844 .
115 2790 170 2848 Ille
191 2789 278 2849 simul
297 2791 434 2851 manibus
454 2790 549 2851 tendit
571 2790 709 2850 divellere
729 2790 834 2862 nodos,

26 2929 37 2950 .
114 2871 251 2929 Perfusus
273 2871 355 2930 sanie
374 2872 462 2930 vittas
482 2880 604 2945 atroque
625 2889 742 2929 veneno
752 2891 760 2942 3

114 2949 266 3010 Clamores
287 2949 374 3008 simul
394 2951 556 3010 horrendos
576 2949 616 3009 ad
637 2949 733 3009 sidera
753 2947 849 3012 tollitr

114 3029 217 3101 Qualis
238 3029 375 3102 mugituS,
396 3029 470 3104 sugit
491 3047 559 3087 cum
580 3029 696 3087 saucius
716 3048 797 3088 aram

112 3107 228 3164 Taurus
249 3117 278 3164 et
298 3107 440 3165 incertam
461 3106 589 3165 excussit
608 3108 722 3166 cervice
743 3106 878 3167 securim.

113 3184 154 3241 At
174 3183 283 3257 gemini
303 3185 388 3257 lapsu
409 3185 530 3242 delubra
550 3185 590 3243 ad
610 3203 726 3244 summa
745 3187 912 3246 dracones·

115 3261 272 3336 Effugiunt,
294 3279 458 3336 saevaeque
477 3271 583 3337 petunt
602 3262 764 3323 Tritonidis
784 3284 891 3337 arcem,
