<?xml version="1.0" encoding="UTF-8"?>
<!DOCTYPE html PUBLIC "-//W3C//DTD XHTML 1.0 Transitional//EN"
    "http://www.w3.org/TR/xhtml1/DTD/xhtml1-transitional.dtd">
<html xmlns="http://www.w3.org/1999/xhtml" xml:lang="en" lang="en">
 <head>
  <title>
</title>
<meta http-equiv="Content-Type" content="text/html;charset=utf-8" />
  <meta name='ocr-system' content='tesseract 3.04.00' />
  <meta name='ocr-capabilities' content='ocr_page ocr_carea ocr_par ocr_line ocrx_word'/>
</head>
<body>
  <div class='ocr_page' id='page_1' title='image "./pvergilimaronis13virggoog/pvergilimaronis13virggoog_0366.png"; bbox 0 0 2442 3686; ppageno 0'>
   <div class='ocr_carea' id='block_1_1' title="bbox 371 103 1073 183">
    <p class='ocr_par' dir='ltr' id='par_1_1' title="bbox 371 103 1073 183">
     <span class='ocr_line' id='line_1_1' title="bbox 371 103 1073 183; baseline 0.013 -21"><span class='ocrx_word' id='word_1_1' title='bbox 371 103 610 165; x_wconf 85' lang='lat' dir='ltr'><em>AENEIDOS</em></span> <span class='ocrx_word' id='word_1_2' title='bbox 634 107 719 164; x_wconf 86' lang='lat' dir='ltr'><em>LIB.</em></span> <span class='ocrx_word' id='word_1_3' title='bbox 750 106 786 162; x_wconf 93' lang='lat' dir='ltr'>X.</span> <span class='ocrx_word' id='word_1_4' title='bbox 953 151 957 158; x_wconf 83' lang='lat'>·</span> <span class='ocrx_word' id='word_1_5' title='bbox 1017 124 1073 183; x_wconf 84' lang='lat'>357</span> 
     </span>
    </p>
   </div>
   <div class='ocr_carea' id='block_1_2' title="bbox 89 233 1140 3134">
    <p class='ocr_par' dir='ltr' id='par_1_2' title="bbox 89 233 1072 1014">
     <span class='ocr_line' id='line_1_2' title="bbox 91 233 1072 310; baseline 0.001 -20"><span class='ocrx_word' id='word_1_6' title='bbox 91 233 162 308; x_wconf 88' lang='lat' dir='ltr'>Quo</span> <span class='ocrx_word' id='word_1_7' title='bbox 184 249 264 290; x_wconf 88' lang='lat' dir='ltr'>nunc</span> <span class='ocrx_word' id='word_1_8' title='bbox 284 233 401 290; x_wconf 91' lang='lat' dir='ltr'>Turnus</span> <span class='ocrx_word' id='word_1_9' title='bbox 423 243 491 292; x_wconf 92' lang='lat' dir='ltr'>ovat</span> <span class='ocrx_word' id='word_1_10' title='bbox 512 234 606 309; x_wconf 90' lang='lat' dir='ltr'>spolio</span> <span class='ocrx_word' id='word_1_11' title='bbox 629 236 793 310; x_wconf 84' lang='lat' dir='ltr'><strong>gaudetque</strong></span> <span class='ocrx_word' id='word_1_12' title='bbox 817 233 934 310; x_wconf 85' lang='lat' dir='ltr'>potitus.</span> <span class='ocrx_word' id='word_1_13' title='bbox 1016 250 1072 308; x_wconf 88' lang='lat'>500</span> 
     </span>
     <span class='ocr_line' id='line_1_3' title="bbox 90 309 855 388; baseline 0.001 -18"><span class='ocrx_word' id='word_1_14' title='bbox 90 309 202 371; x_wconf 90' lang='lat' dir='ltr'>Nescia</span> <span class='ocrx_word' id='word_1_15' title='bbox 222 328 305 370; x_wconf 90' lang='lat' dir='ltr'>mens</span> <span class='ocrx_word' id='word_1_16' title='bbox 326 311 478 369; x_wconf 88' lang='lat' dir='ltr'>hominurn</span> <span class='ocrx_word' id='word_1_17' title='bbox 500 312 551 370; x_wconf 83' lang='lat' dir='ltr'>sati</span> <span class='ocrx_word' id='word_1_18' title='bbox 572 313 713 388; x_wconf 88' lang='lat' dir='ltr'>sortisque</span> <span class='ocrx_word' id='word_1_19' title='bbox 734 314 855 384; x_wconf 84' lang='lat' dir='ltr'>futurae,</span> 
     </span>
     <span class='ocr_line' id='line_1_4' title="bbox 90 390 832 461; baseline -0.001 -11"><span class='ocrx_word' id='word_1_20' title='bbox 90 393 132 450; x_wconf 92' lang='lat' dir='ltr'>Et</span> <span class='ocrx_word' id='word_1_21' title='bbox 154 408 265 449; x_wconf 88' lang='lat' dir='ltr'>servare</span> <span class='ocrx_word' id='word_1_22' title='bbox 287 390 417 461; x_wconf 89' lang='lat' dir='ltr'>modum,</span> <span class='ocrx_word' id='word_1_23' title='bbox 439 391 524 448; x_wconf 88' lang='lat' dir='ltr'>rebus</span> <span class='ocrx_word' id='word_1_24' title='bbox 547 392 660 449; x_wconf 90' lang='lat' dir='ltr'>sublata</span> <span class='ocrx_word' id='word_1_25' title='bbox 681 391 832 449; x_wconf 89' lang='lat' dir='ltr'>secundis!</span> 
     </span>
     <span class='ocr_line' id='line_1_5' title="bbox 89 467 946 545; baseline 0.001 -19"><span class='ocrx_word' id='word_1_26' title='bbox 89 471 194 528; x_wconf 92' lang='lat' dir='ltr'>Turno</span> <span class='ocrx_word' id='word_1_27' title='bbox 216 479 330 542; x_wconf 87' lang='lat' dir='ltr'>tempus</span> <span class='ocrx_word' id='word_1_28' title='bbox 352 467 414 539; x_wconf 91' lang='lat' dir='ltr'>erit,</span> <span class='ocrx_word' id='word_1_29' title='bbox 436 487 543 542; x_wconf 88' lang='lat' dir='ltr'>magno</span> <span class='ocrx_word' id='word_1_30' title='bbox 564 487 632 526; x_wconf 90' lang='lat' dir='ltr'>cum</span> <span class='ocrx_word' id='word_1_31' title='bbox 655 469 795 543; x_wconf 90' lang='lat' dir='ltr'>optaverit</span> <span class='ocrx_word' id='word_1_32' title='bbox 817 480 946 545; x_wconf 90' lang='lat' dir='ltr'>emptum</span> 
     </span>
     <span class='ocr_line' id='line_1_6' title="bbox 89 547 891 623; baseline 0.001 -18"><span class='ocrx_word' id='word_1_33' title='bbox 89 550 242 606; x_wconf 88' lang='lat' dir='ltr'>Intactum</span> <span class='ocrx_word' id='word_1_34' title='bbox 266 547 405 618; x_wconf 84' lang='lat' dir='ltr'>Pallanta,</span> <span class='ocrx_word' id='word_1_35' title='bbox 428 557 546 604; x_wconf 89' lang='lat' dir='ltr'>etcum</span> <span class='ocrx_word' id='word_1_36' title='bbox 567 547 659 621; x_wconf 91' lang='lat' dir='ltr'>spolia</span> <span class='ocrx_word' id='word_1_37' title='bbox 679 547 734 605; x_wconf 89' lang='lat' dir='ltr'>ista</span> <span class='ocrx_word' id='word_1_38' title='bbox 755 549 891 623; x_wconf 88' lang='lat' dir='ltr'>diemque</span> 
     </span>
     <span class='ocr_line' id='line_1_7' title="bbox 90 625 1071 702; baseline -0.004 -16"><span class='ocrx_word' id='word_1_39' title='bbox 90 625 205 687; x_wconf 85' lang='lat' dir='ltr'>Oderit</span> <span class='ocrx_word' id='word_1_40' title='bbox 246 628 287 683; x_wconf 90' lang='lat' dir='ltr'>At</span> <span class='ocrx_word' id='word_1_41' title='bbox 308 625 379 683; x_wconf 91' lang='lat' dir='ltr'>socii</span> <span class='ocrx_word' id='word_1_42' title='bbox 401 627 494 684; x_wconf 91' lang='lat' dir='ltr'>multo</span> <span class='ocrx_word' id='word_1_43' title='bbox 514 625 623 699; x_wconf 88' lang='lat' dir='ltr'>gemitu</span> <span class='ocrx_word' id='word_1_44' title='bbox 646 625 826 700; x_wconf 85' lang='lat' dir='ltr'>lacrimisque</span> <span class='ocrx_word' id='word_1_45' title='bbox 1016 641 1071 702; x_wconf 83' lang='lat'>505</span> 
     </span>
     <span class='ocr_line' id='line_1_8' title="bbox 90 703 855 780; baseline 0 -18"><span class='ocrx_word' id='word_1_46' title='bbox 90 703 260 780; x_wconf 90' lang='lat' dir='ltr'>Inpositum</span> <span class='ocrx_word' id='word_1_47' title='bbox 281 714 365 762; x_wconf 89' lang='lat' dir='ltr'>scuto</span> <span class='ocrx_word' id='word_1_48' title='bbox 385 704 510 762; x_wconf 86' lang='lat' dir='ltr'>referunt</span> <span class='ocrx_word' id='word_1_49' title='bbox 532 704 663 760; x_wconf 84' lang='lat' dir='ltr'>Pallanta</span> <span class='ocrx_word' id='word_1_50' title='bbox 684 705 855 778; x_wconf 86' lang='lat' dir='ltr'>frequentes.</span> 
     </span>
     <span class='ocr_line' id='line_1_9' title="bbox 90 781 903 857; baseline -0.004 -14"><span class='ocrx_word' id='word_1_51' title='bbox 90 785 122 843; x_wconf 95' lang='lat' dir='ltr'>O</span> <span class='ocrx_word' id='word_1_52' title='bbox 146 784 231 842; x_wconf 91' lang='lat' dir='ltr'>dolor</span> <span class='ocrx_word' id='word_1_53' title='bbox 251 792 338 856; x_wconf 89' lang='lat' dir='ltr'>atque</span> <span class='ocrx_word' id='word_1_54' title='bbox 360 782 449 840; x_wconf 90' lang='lat' dir='ltr'>decus</span> <span class='ocrx_word' id='word_1_55' title='bbox 470 801 609 856; x_wconf 90' lang='lat' dir='ltr'>magnum</span> <span class='ocrx_word' id='word_1_56' title='bbox 629 781 754 840; x_wconf 88' lang='lat' dir='ltr'>rediture</span> <span class='ocrx_word' id='word_1_57' title='bbox 775 781 903 857; x_wconf 88' lang='lat' dir='ltr'>parenti!</span> 
     </span>
     <span class='ocr_line' id='line_1_10' title="bbox 91 859 981 936; baseline -0.001 -17"><span class='ocrx_word' id='word_1_58' title='bbox 91 863 182 920; x_wconf 89' lang='lat' dir='ltr'>Haec</span> <span class='ocrx_word' id='word_1_59' title='bbox 203 871 233 920; x_wconf 91' lang='lat' dir='ltr'>te</span> <span class='ocrx_word' id='word_1_60' title='bbox 254 861 347 936; x_wconf 87' lang='lat' dir='ltr'>prima</span> <span class='ocrx_word' id='word_1_61' title='bbox 368 860 430 919; x_wconf 90' lang='lat' dir='ltr'>dies</span> <span class='ocrx_word' id='word_1_62' title='bbox 451 861 530 919; x_wconf 92' lang='lat' dir='ltr'>bello</span> <span class='ocrx_word' id='word_1_63' title='bbox 552 859 641 930; x_wconf 80' lang='lat' dir='ltr'><strong>dedit,</strong></span> <span class='ocrx_word' id='word_1_64' title='bbox 664 862 737 919; x_wconf 88' lang='lat' dir='ltr'>haec</span> <span class='ocrx_word' id='word_1_65' title='bbox 758 862 860 920; x_wconf 86' lang='lat' dir='ltr'>eadem</span> <span class='ocrx_word' id='word_1_66' title='bbox 881 863 981 930; x_wconf 78' lang='lat' dir='ltr'>aufert,</span> 
     </span>
     <span class='ocr_line' id='line_1_11' title="bbox 91 939 925 1014; baseline -0.002 -14"><span class='ocrx_word' id='word_1_67' title='bbox 91 941 173 1000; x_wconf 91' lang='lat' dir='ltr'>Cum</span> <span class='ocrx_word' id='word_1_68' title='bbox 193 950 292 998; x_wconf 86' lang='lat' dir='ltr'>tamen</span> <span class='ocrx_word' id='word_1_69' title='bbox 313 939 446 1013; x_wconf 87' lang='lat' dir='ltr'>ingentes</span> <span class='ocrx_word' id='word_1_70' title='bbox 469 939 643 996; x_wconf 87' lang='lat' dir='ltr'>Rutulorum</span> <span class='ocrx_word' id='word_1_71' title='bbox 664 939 769 1014; x_wconf 87' lang='lat' dir='ltr'>linquis</span> <span class='ocrx_word' id='word_1_72' title='bbox 791 943 925 998; x_wconf 89' lang='lat' dir='ltr'>acervos!</span> 
     </span>
    </p>

    <p class='ocr_par' dir='ltr' id='par_1_3' title="bbox 90 1017 1140 3134">
     <span class='ocr_line' id='line_1_12' title="bbox 135 1017 1074 1093; baseline -0.003 -16"><span class='ocrx_word' id='word_1_73' title='bbox 135 1021 201 1077; x_wconf 89' lang='lat' dir='ltr'>Nec</span> <span class='ocrx_word' id='word_1_74' title='bbox 221 1017 280 1076; x_wconf 87' lang='lat' dir='ltr'>iam</span> <span class='ocrx_word' id='word_1_75' title='bbox 300 1018 379 1074; x_wconf 85' lang='lat' dir='ltr'>sarna</span> <span class='ocrx_word' id='word_1_76' title='bbox 398 1018 466 1075; x_wconf 92' lang='lat' dir='ltr'>rnali</span> <span class='ocrx_word' id='word_1_77' title='bbox 488 1017 568 1087; x_wconf 86' lang='lat' dir='ltr'>tanti,</span> <span class='ocrx_word' id='word_1_78' title='bbox 592 1018 644 1075; x_wconf 87' lang='lat' dir='ltr'>sed</span> <span class='ocrx_word' id='word_1_79' title='bbox 665 1019 769 1076; x_wconf 87' lang='lat' dir='ltr'>certior</span> <span class='ocrx_word' id='word_1_80' title='bbox 789 1029 890 1076; x_wconf 88' lang='lat' dir='ltr'>auctor</span> <span class='ocrx_word' id='word_1_81' title='bbox 1017 1033 1074 1093; x_wconf 87' lang='lat'>510</span> 
     </span>
     <span class='ocr_line' id='line_1_13' title="bbox 90 1095 733 1167; baseline -0.003 -11"><span class='ocrx_word' id='word_1_82' title='bbox 90 1098 223 1156; x_wconf 89' lang='lat' dir='ltr'>Advolat</span> <span class='ocrx_word' id='word_1_83' title='bbox 246 1100 373 1167; x_wconf 87' lang='lat' dir='ltr'>Aeneae,</span> <span class='ocrx_word' id='word_1_84' title='bbox 396 1095 476 1155; x_wconf 90' lang='lat' dir='ltr'>tenui</span> <span class='ocrx_word' id='word_1_85' title='bbox 498 1095 662 1155; x_wconf 88' lang='lat' dir='ltr'>discrimine</span> <span class='ocrx_word' id='word_1_86' title='bbox 683 1097 733 1154; x_wconf 92' lang='lat' dir='ltr'>leti</span> 
     </span>
     <span class='ocr_line' id='line_1_14' title="bbox 93 1174 863 1250; baseline 0 -16"><span class='ocrx_word' id='word_1_87' title='bbox 93 1179 169 1234; x_wconf 89' lang='lat' dir='ltr'>Esse</span> <span class='ocrx_word' id='word_1_88' title='bbox 190 1194 274 1234; x_wconf 91' lang='lat' dir='ltr'>suos:</span> <span class='ocrx_word' id='word_1_89' title='bbox 298 1186 420 1250; x_wconf 87' lang='lat' dir='ltr'>tempus,</span> <span class='ocrx_word' id='word_1_90' title='bbox 442 1175 529 1234; x_wconf 91' lang='lat' dir='ltr'>versis</span> <span class='ocrx_word' id='word_1_91' title='bbox 552 1193 714 1234; x_wconf 88' lang='lat' dir='ltr'>succurrere</span> <span class='ocrx_word' id='word_1_92' title='bbox 736 1174 863 1235; x_wconf 90' lang='lat' dir='ltr'>Teucris.</span> 
     </span>
     <span class='ocr_line' id='line_1_15' title="bbox 94 1254 984 1330; baseline -0.002 -17"><span class='ocrx_word' id='word_1_93' title='bbox 94 1255 231 1313; x_wconf 87' lang='lat' dir='ltr'>Proxima</span> <span class='ocrx_word' id='word_1_94' title='bbox 253 1273 385 1330; x_wconf 90' lang='lat' dir='ltr'>quaeque</span> <span class='ocrx_word' id='word_1_95' title='bbox 407 1255 490 1314; x_wconf 91' lang='lat' dir='ltr'>metit</span> <span class='ocrx_word' id='word_1_96' title='bbox 512 1254 618 1330; x_wconf 89' lang='lat' dir='ltr'>gladi0,</span> <span class='ocrx_word' id='word_1_97' title='bbox 640 1255 788 1330; x_wconf 87' lang='lat' dir='ltr'>latumque</span> <span class='ocrx_word' id='word_1_98' title='bbox 809 1275 862 1330; x_wconf 91' lang='lat' dir='ltr'>per</span> <span class='ocrx_word' id='word_1_99' title='bbox 882 1273 984 1330; x_wconf 87' lang='lat' dir='ltr'>agmen</span> 
     </span>
     <span class='ocr_line' id='line_1_16' title="bbox 93 1333 1017 1408; baseline -0.002 -16"><span class='ocrx_word' id='word_1_100' title='bbox 93 1336 210 1392; x_wconf 92' lang='lat' dir='ltr'>Ardens</span> <span class='ocrx_word' id='word_1_101' title='bbox 232 1333 354 1391; x_wconf 89' lang='lat' dir='ltr'>limitem</span> <span class='ocrx_word' id='word_1_102' title='bbox 377 1333 436 1408; x_wconf 87' lang='lat' dir='ltr'>agit</span> <span class='ocrx_word' id='word_1_103' title='bbox 457 1336 542 1405; x_wconf 84' lang='lat' dir='ltr'>ferr0,</span> <span class='ocrx_word' id='word_1_104' title='bbox 565 1343 602 1403; x_wconf 90' lang='lat' dir='ltr'>te,</span> <span class='ocrx_word' id='word_1_105' title='bbox 624 1336 731 1405; x_wconf 89' lang='lat' dir='ltr'>Turne,</span> <span class='ocrx_word' id='word_1_106' title='bbox 753 1337 908 1408; x_wconf 89' lang='lat' dir='ltr'>superbum</span> <span class='ocrx_word' id='word_1_107' title='bbox 1010 1345 1017 1354; x_wconf 85' lang='grc'>·</span> 
     </span>
     <span class='ocr_line' id='line_1_17' title="bbox 94 1411 1140 1487; baseline -0.005 -16"><span class='ocrx_word' id='word_1_108' title='bbox 94 1413 197 1472; x_wconf 86' lang='lat' dir='ltr'>Caede</span> <span class='ocrx_word' id='word_1_109' title='bbox 218 1431 295 1470; x_wconf 91' lang='lat' dir='ltr'>nova</span> <span class='ocrx_word' id='word_1_110' title='bbox 317 1431 465 1486; x_wconf 91' lang='lat' dir='ltr'>quaerens.</span> <span class='ocrx_word' id='word_1_111' title='bbox 507 1412 610 1483; x_wconf 88' lang='lat' dir='ltr'>Pallas,</span> <span class='ocrx_word' id='word_1_112' title='bbox 635 1413 777 1482; x_wconf 89' lang='lat' dir='ltr'>Euander,</span> <span class='ocrx_word' id='word_1_113' title='bbox 800 1411 830 1470; x_wconf 93' lang='lat' dir='ltr'>in</span> <span class='ocrx_word' id='word_1_114' title='bbox 852 1412 921 1487; x_wconf 92' lang='lat' dir='ltr'>ipsis</span> <span class='ocrx_word' id='word_1_115' title='bbox 1017 1425 1072 1486; x_wconf 85' lang='lat'>515</span> <span class='ocrx_word' id='word_1_116' title='bbox 1133 1425 1140 1436; x_wconf 94' lang='lat'><em>·</em></span> 
     </span>
     <span class='ocr_line' id='line_1_18' title="bbox 95 1490 931 1567; baseline -0.004 -16"><span class='ocrx_word' id='word_1_117' title='bbox 95 1490 207 1551; x_wconf 91' lang='lat' dir='ltr'>Omnia</span> <span class='ocrx_word' id='word_1_118' title='bbox 227 1501 295 1548; x_wconf 89' lang='lat' dir='ltr'>sunt</span> <span class='ocrx_word' id='word_1_119' title='bbox 317 1491 406 1548; x_wconf 91' lang='lat' dir='ltr'>oculis</span> <span class='ocrx_word' id='word_1_120' title='bbox 417 1511 426 1562; x_wconf 76' lang='lat'>3</span> <span class='ocrx_word' id='word_1_121' title='bbox 449 1509 575 1561; x_wconf 87' lang='lat' dir='ltr'>mensae,</span> <span class='ocrx_word' id='word_1_122' title='bbox 599 1510 669 1566; x_wconf 90' lang='lat' dir='ltr'>quas</span> <span class='ocrx_word' id='word_1_123' title='bbox 691 1492 804 1550; x_wconf 87' lang='lat' dir='ltr'>advena</span> <span class='ocrx_word' id='word_1_124' title='bbox 825 1491 931 1567; x_wconf 87' lang='lat' dir='ltr'>primas</span> 
     </span>
     <span class='ocr_line' id='line_1_19' title="bbox 94 1569 909 1643; baseline 0.004 -15"><span class='ocrx_word' id='word_1_125' title='bbox 94 1573 183 1628; x_wconf 93' lang='lat' dir='ltr'>Tunc</span> <span class='ocrx_word' id='word_1_126' title='bbox 205 1569 284 1641; x_wconf 86' lang='lat' dir='ltr'>adiit,</span> <span class='ocrx_word' id='word_1_127' title='bbox 306 1570 482 1643; x_wconf 84' lang='lat' dir='ltr'>dextraeque</span> <span class='ocrx_word' id='word_1_128' title='bbox 503 1571 596 1628; x_wconf 75' lang='lat' dir='ltr'>datae·</span> <span class='ocrx_word' id='word_1_129' title='bbox 638 1570 775 1631; x_wconf 87' lang='lat' dir='ltr'>Sulmone</span> <span class='ocrx_word' id='word_1_130' title='bbox 798 1581 909 1630; x_wconf 83' lang='lat' dir='ltr'>creatos</span> 
     </span>
     <span class='ocr_line' id='line_1_20' title="bbox 96 1646 959 1724; baseline 0.002 -20"><span class='ocrx_word' id='word_1_131' title='bbox 96 1649 245 1720; x_wconf 86' lang='lat' dir='ltr'>Quattuor</span> <span class='ocrx_word' id='word_1_132' title='bbox 264 1646 313 1705; x_wconf 88' lang='lat' dir='ltr'>hic</span> <span class='ocrx_word' id='word_1_133' title='bbox 333 1647 460 1720; x_wconf 88' lang='lat' dir='ltr'>iuvenes,</span> <span class='ocrx_word' id='word_1_134' title='bbox 483 1647 614 1721; x_wconf 91' lang='lat' dir='ltr'>totidem,</span> <span class='ocrx_word' id='word_1_135' title='bbox 638 1669 711 1724; x_wconf 91' lang='lat' dir='ltr'>quos</span> <span class='ocrx_word' id='word_1_136' title='bbox 732 1652 836 1710; x_wconf 87' lang='lat' dir='ltr'>educat</span> <span class='ocrx_word' id='word_1_137' title='bbox 858 1651 959 1719; x_wconf 78' lang='lat' dir='ltr'>UsenS,</span> 
     </span>
     <span class='ocr_line' id='line_1_21' title="bbox 95 1725 856 1801; baseline 0.005 -17"><span class='ocrx_word' id='word_1_138' title='bbox 95 1727 236 1784; x_wconf 88' lang='lat' dir='ltr'>Viventes</span> <span class='ocrx_word' id='word_1_139' title='bbox 258 1725 339 1800; x_wconf 85' lang='lat' dir='ltr'>rapit,</span> <span class='ocrx_word' id='word_1_140' title='bbox 363 1725 476 1784; x_wconf 84' lang='lat' dir='ltr'>inferias</span> <span class='ocrx_word' id='word_1_141' title='bbox 498 1745 571 1801; x_wconf 91' lang='lat' dir='ltr'>quos</span> <span class='ocrx_word' id='word_1_142' title='bbox 592 1726 721 1786; x_wconf 89' lang='lat' dir='ltr'>immolet</span> <span class='ocrx_word' id='word_1_143' title='bbox 740 1730 856 1800; x_wconf 88' lang='lat' dir='ltr'>umbris,</span> 
     </span>
     <span class='ocr_line' id='line_1_22' title="bbox 96 1803 1075 1881; baseline -0.005 -16"><span class='ocrx_word' id='word_1_144' title='bbox 96 1804 281 1880; x_wconf 89' lang='lat' dir='ltr'>Captivoque</span> <span class='ocrx_word' id='word_1_145' title='bbox 302 1803 363 1880; x_wconf 90' lang='lat' dir='ltr'>rogi</span> <span class='ocrx_word' id='word_1_146' title='bbox 384 1806 538 1880; x_wconf 83' lang='lat' dir='ltr'>perfundat</span> <span class='ocrx_word' id='word_1_147' title='bbox 559 1805 698 1881; x_wconf 91' lang='lat' dir='ltr'>sanguine</span> <span class='ocrx_word' id='word_1_148' title='bbox 720 1809 859 1866; x_wconf 87' lang='lat' dir='ltr'>flammas.</span> <span class='ocrx_word' id='word_1_149' title='bbox 1018 1820 1075 1879; x_wconf 86' lang='lat'>520</span> 
     </span>
     <span class='ocr_line' id='line_1_23' title="bbox 97 1883 925 1958; baseline 0.001 -17"><span class='ocrx_word' id='word_1_150' title='bbox 97 1885 174 1942; x_wconf 89' lang='lat' dir='ltr'>Inde</span> <span class='ocrx_word' id='word_1_151' title='bbox 197 1885 288 1958; x_wconf 90' lang='lat' dir='ltr'>Mago</span> <span class='ocrx_word' id='word_1_152' title='bbox 309 1884 410 1957; x_wconf 90' lang='lat' dir='ltr'>procul</span> <span class='ocrx_word' id='word_1_153' title='bbox 431 1883 573 1941; x_wconf 86' lang='lat' dir='ltr'>infensam</span> <span class='ocrx_word' id='word_1_154' title='bbox 595 1886 784 1943; x_wconf 87' lang='lat' dir='ltr'>contenderat</span> <span class='ocrx_word' id='word_1_155' title='bbox 804 1886 925 1942; x_wconf 86' lang='lat' dir='ltr'>hastam.</span> 
     </span>
     <span class='ocr_line' id='line_1_24' title="bbox 97 1961 918 2037; baseline 0.001 -18"><span class='ocrx_word' id='word_1_156' title='bbox 97 1964 155 2020; x_wconf 92' lang='lat' dir='ltr'>Ille</span> <span class='ocrx_word' id='word_1_157' title='bbox 175 1974 240 2020; x_wconf 86' lang='lat' dir='ltr'>astu</span> <span class='ocrx_word' id='word_1_158' title='bbox 262 1961 356 2032; x_wconf 84' lang='lat' dir='ltr'>subit3</span> <span class='ocrx_word' id='word_1_159' title='bbox 379 1972 409 2019; x_wconf 82' lang='lat' dir='ltr'>nt</span> <span class='ocrx_word' id='word_1_160' title='bbox 430 1963 613 2020; x_wconf 89' lang='lat' dir='ltr'>tremibunda</span> <span class='ocrx_word' id='word_1_161' title='bbox 634 1965 797 2037; x_wconf 88' lang='lat' dir='ltr'>supervolat</span> <span class='ocrx_word' id='word_1_162' title='bbox 817 1965 918 2035; x_wconf 83' lang='lat' dir='ltr'>hasta3</span> 
     </span>
     <span class='ocr_line' id='line_1_25' title="bbox 99 2040 828 2116; baseline 0.003 -18"><span class='ocrx_word' id='word_1_163' title='bbox 99 2043 139 2098; x_wconf 89' lang='lat' dir='ltr'>Et</span> <span class='ocrx_word' id='word_1_164' title='bbox 160 2059 255 2116; x_wconf 91' lang='lat' dir='ltr'>genua</span> <span class='ocrx_word' id='word_1_165' title='bbox 276 2042 454 2114; x_wconf 87' lang='lat' dir='ltr'>amplectens</span> <span class='ocrx_word' id='word_1_166' title='bbox 478 2042 579 2098; x_wconf 88' lang='lat' dir='ltr'>effatur</span> <span class='ocrx_word' id='word_1_167' title='bbox 600 2040 668 2098; x_wconf 90' lang='lat' dir='ltr'>talia</span> <span class='ocrx_word' id='word_1_168' title='bbox 689 2045 828 2116; x_wconf 83' lang='lat' dir='ltr'>supplex:</span> 
     </span>
     <span class='ocr_line' id='line_1_26' title="bbox 99 2117 842 2194; baseline 0.001 -18"><span class='ocrx_word' id='word_1_169' title='bbox 99 2122 176 2177; x_wconf 89' lang='lat' dir='ltr'>‘Per</span> <span class='ocrx_word' id='word_1_170' title='bbox 195 2117 302 2193; x_wconf 89' lang='lat' dir='ltr'>patrios</span> <span class='ocrx_word' id='word_1_171' title='bbox 326 2120 438 2190; x_wconf 88' lang='lat' dir='ltr'>Manes,</span> <span class='ocrx_word' id='word_1_172' title='bbox 461 2137 513 2193; x_wconf 91' lang='lat' dir='ltr'>per</span> <span class='ocrx_word' id='word_1_173' title='bbox 533 2138 600 2194; x_wconf 90' lang='lat' dir='ltr'>spes</span> <span class='ocrx_word' id='word_1_174' title='bbox 622 2121 762 2194; x_wconf 89' lang='lat' dir='ltr'>surgentis</span> <span class='ocrx_word' id='word_1_175' title='bbox 785 2118 842 2177; x_wconf 90' lang='lat' dir='ltr'>Iuli</span> 
     </span>
     <span class='ocr_line' id='line_1_27' title="bbox 99 2196 1074 2274; baseline -0.002 -18"><span class='ocrx_word' id='word_1_176' title='bbox 99 2201 162 2256; x_wconf 87' lang='lat' dir='ltr'>‘Te</span> <span class='ocrx_word' id='word_1_177' title='bbox 183 2215 293 2272; x_wconf 90' lang='lat' dir='ltr'>precor,</span> <span class='ocrx_word' id='word_1_178' title='bbox 316 2198 392 2254; x_wconf 92' lang='lat' dir='ltr'>hanc</span> <span class='ocrx_word' id='word_1_179' title='bbox 412 2196 540 2254; x_wconf 90' lang='lat' dir='ltr'>animam</span> <span class='ocrx_word' id='word_1_180' title='bbox 561 2216 654 2255; x_wconf 90' lang='lat' dir='ltr'>serves</span> <span class='ocrx_word' id='word_1_181' title='bbox 674 2208 820 2272; x_wconf 88' lang='lat' dir='ltr'>gnatoque</span> <span class='ocrx_word' id='word_1_182' title='bbox 839 2197 978 2274; x_wconf 90' lang='lat' dir='ltr'>patrique.</span> <span class='ocrx_word' id='word_1_183' title='bbox 1020 2213 1074 2272; x_wconf 87' lang='lat'>525</span> 
     </span>
     <span class='ocr_line' id='line_1_28' title="bbox 100 2275 914 2349; baseline 0.001 -15"><span class='ocrx_word' id='word_1_184' title='bbox 100 2279 172 2334; x_wconf 85' lang='lat' dir='ltr'>‘Est</span> <span class='ocrx_word' id='word_1_185' title='bbox 193 2276 298 2334; x_wconf 92' lang='lat' dir='ltr'>domus</span> <span class='ocrx_word' id='word_1_186' title='bbox 320 2277 396 2346; x_wconf 87' lang='lat' dir='ltr'>alta;</span> <span class='ocrx_word' id='word_1_187' title='bbox 419 2275 514 2332; x_wconf 90' lang='lat' dir='ltr'>iacent</span> <span class='ocrx_word' id='word_1_188' title='bbox 534 2275 649 2349; x_wconf 90' lang='lat' dir='ltr'>penitus</span> <span class='ocrx_word' id='word_1_189' title='bbox 671 2277 785 2334; x_wconf 85' lang='lat' dir='ltr'>defossa</span> <span class='ocrx_word' id='word_1_190' title='bbox 806 2279 914 2336; x_wconf 89' lang='lat' dir='ltr'>talenta</span> 
     </span>
     <span class='ocr_line' id='line_1_29' title="bbox 100 2352 838 2429; baseline 0 -16"><span class='ocrx_word' id='word_1_191' title='bbox 100 2352 231 2414; x_wconf 85' lang='lat' dir='ltr'>‘Caelati</span> <span class='ocrx_word' id='word_1_192' title='bbox 252 2353 379 2428; x_wconf 80' lang='lat' dir='ltr'>argenti3</span> <span class='ocrx_word' id='word_1_193' title='bbox 403 2363 471 2410; x_wconf 89' lang='lat' dir='ltr'>sunt</span> <span class='ocrx_word' id='word_1_194' title='bbox 491 2353 552 2411; x_wconf 90' lang='lat' dir='ltr'>auri</span> <span class='ocrx_word' id='word_1_195' title='bbox 573 2356 702 2429; x_wconf 88' lang='lat' dir='ltr'>pondera</span> <span class='ocrx_word' id='word_1_196' title='bbox 723 2354 792 2413; x_wconf 84' lang='lat' dir='ltr'>facti</span> <span class='ocrx_word' id='word_1_197' title='bbox 836 2402 838 2404; x_wconf 87' lang='lat'>.</span> 
     </span>
     <span class='ocr_line' id='line_1_30' title="bbox 101 2430 869 2507; baseline 0.003 -17"><span class='ocrx_word' id='word_1_198' title='bbox 101 2431 283 2507; x_wconf 84' lang='lat' dir='ltr'>‘Infectique</span> <span class='ocrx_word' id='word_1_199' title='bbox 304 2430 382 2489; x_wconf 92' lang='lat' dir='ltr'>mihi.</span> <span class='ocrx_word' id='word_1_200' title='bbox 425 2433 494 2489; x_wconf 91' lang='lat' dir='ltr'>Non</span> <span class='ocrx_word' id='word_1_201' title='bbox 516 2431 563 2490; x_wconf 92' lang='lat' dir='ltr'>hic</span> <span class='ocrx_word' id='word_1_202' title='bbox 583 2432 703 2492; x_wconf 81' lang='lat' dir='ltr'>victoria</span> <span class='ocrx_word' id='word_1_203' title='bbox 724 2435 869 2492; x_wconf 90' lang='lat' dir='ltr'>Teucrum</span> 
     </span>
     <span class='ocr_line' id='line_1_31' title="bbox 100 2509 936 2582; baseline 0.007 -16"><span class='ocrx_word' id='word_1_204' title='bbox 100 2509 263 2582; x_wconf 84' lang='lat' dir='ltr'>‘Vertitur3</span> <span class='ocrx_word' id='word_1_205' title='bbox 286 2519 337 2568; x_wconf 87' lang='lat' dir='ltr'>aut</span> <span class='ocrx_word' id='word_1_206' title='bbox 357 2509 454 2567; x_wconf 91' lang='lat' dir='ltr'>anima</span> <span class='ocrx_word' id='word_1_207' title='bbox 474 2529 533 2567; x_wconf 88' lang='lat' dir='ltr'>una</span> <span class='ocrx_word' id='word_1_208' title='bbox 553 2511 634 2569; x_wconf 86' lang='lat' dir='ltr'>dabit</span> <span class='ocrx_word' id='word_1_209' title='bbox 654 2512 818 2572; x_wconf 88' lang='lat' dir='ltr'>discrimina</span> <span class='ocrx_word' id='word_1_210' title='bbox 839 2515 936 2572; x_wconf 85' lang='lat' dir='ltr'>tanta’</span> 
     </span>
     <span class='ocr_line' id='line_1_32' title="bbox 101 2589 1078 2664; baseline -0.001 -17"><span class='ocrx_word' id='word_1_211' title='bbox 101 2589 229 2648; x_wconf 81' lang='lat' dir='ltr'>Dixerat</span> <span class='ocrx_word' id='word_1_212' title='bbox 270 2591 385 2646; x_wconf 91' lang='lat' dir='ltr'>Aeneas</span> <span class='ocrx_word' id='word_1_213' title='bbox 406 2598 508 2646; x_wconf 87' lang='lat' dir='ltr'>contra</span> <span class='ocrx_word' id='word_1_214' title='bbox 527 2589 574 2647; x_wconf 92' lang='lat' dir='ltr'>cui</span> <span class='ocrx_word' id='word_1_215' title='bbox 594 2591 662 2648; x_wconf 89' lang='lat' dir='ltr'>talia</span> <span class='ocrx_word' id='word_1_216' title='bbox 681 2591 793 2652; x_wconf 91' lang='lat' dir='ltr'>reddit:</span> <span class='ocrx_word' id='word_1_217' title='bbox 825 2618 829 2624; x_wconf 97' lang='lat'>·</span> <span class='ocrx_word' id='word_1_218' title='bbox 1022 2607 1078 2664; x_wconf 87' lang='lat'>530</span> 
     </span>
     <span class='ocr_line' id='line_1_33' title="bbox 103 2667 944 2742; baseline 0.006 -18"><span class='ocrx_word' id='word_1_219' title='bbox 103 2667 241 2742; x_wconf 85' lang='lat' dir='ltr'>‘Argenti</span> <span class='ocrx_word' id='word_1_220' title='bbox 261 2676 349 2742; x_wconf 89' lang='lat' dir='ltr'>atque</span> <span class='ocrx_word' id='word_1_221' title='bbox 370 2667 432 2724; x_wconf 91' lang='lat' dir='ltr'>auri</span> <span class='ocrx_word' id='word_1_222' title='bbox 453 2685 596 2725; x_wconf 89' lang='lat' dir='ltr'>memoras</span> <span class='ocrx_word' id='word_1_223' title='bbox 618 2687 694 2742; x_wconf 91' lang='lat' dir='ltr'>quae</span> <span class='ocrx_word' id='word_1_224' title='bbox 715 2671 807 2727; x_wconf 89' lang='lat' dir='ltr'>multa</span> <span class='ocrx_word' id='word_1_225' title='bbox 828 2673 944 2741; x_wconf 89' lang='lat' dir='ltr'>talenta,</span> 
     </span>
     <span class='ocr_line' id='line_1_34' title="bbox 102 2744 860 2820; baseline 0 -14"><span class='ocrx_word' id='word_1_226' title='bbox 102 2745 223 2806; x_wconf 85' lang='lat' dir='ltr'>‘Gnatis</span> <span class='ocrx_word' id='word_1_227' title='bbox 244 2764 330 2820; x_wconf 91' lang='lat' dir='ltr'>parce</span> <span class='ocrx_word' id='word_1_228' title='bbox 351 2745 414 2803; x_wconf 91' lang='lat' dir='ltr'>tuis.</span> <span class='ocrx_word' id='word_1_229' title='bbox 458 2744 530 2802; x_wconf 86' lang='lat' dir='ltr'>Belli</span> <span class='ocrx_word' id='word_1_230' title='bbox 551 2745 725 2804; x_wconf 85' lang='lat' dir='ltr'>commercia</span> <span class='ocrx_word' id='word_1_231' title='bbox 745 2749 860 2806; x_wconf 91' lang='lat' dir='ltr'>Turnus</span> 
     </span>
     <span class='ocr_line' id='line_1_35' title="bbox 102 2822 883 2900; baseline -0.001 -17"><span class='ocrx_word' id='word_1_232' title='bbox 102 2823 239 2884; x_wconf 87' lang='lat' dir='ltr'>‘Sustulit</span> <span class='ocrx_word' id='word_1_233' title='bbox 259 2823 314 2882; x_wconf 91' lang='lat' dir='ltr'>ista</span> <span class='ocrx_word' id='word_1_234' title='bbox 335 2823 412 2898; x_wconf 91' lang='lat' dir='ltr'>prior</span> <span class='ocrx_word' id='word_1_235' title='bbox 433 2822 490 2880; x_wconf 91' lang='lat' dir='ltr'>iam</span> <span class='ocrx_word' id='word_1_236' title='bbox 512 2833 573 2881; x_wconf 89' lang='lat' dir='ltr'>turn</span> <span class='ocrx_word' id='word_1_237' title='bbox 595 2826 725 2883; x_wconf 87' lang='lat' dir='ltr'>Pallante</span> <span class='ocrx_word' id='word_1_238' title='bbox 746 2833 883 2900; x_wconf 86' lang='lat' dir='ltr'>peremto.</span> 
     </span>
     <span class='ocr_line' id='line_1_36' title="bbox 101 2899 906 2978; baseline 0.002 -18"><span class='ocrx_word' id='word_1_239' title='bbox 101 2905 190 2962; x_wconf 86' lang='lat' dir='ltr'>‘Hoc</span> <span class='ocrx_word' id='word_1_240' title='bbox 210 2901 298 2978; x_wconf 90' lang='lat' dir='ltr'>patris</span> <span class='ocrx_word' id='word_1_241' title='bbox 319 2899 466 2960; x_wconf 90' lang='lat' dir='ltr'>Anchisae</span> <span class='ocrx_word' id='word_1_242' title='bbox 487 2903 599 2972; x_wconf 90' lang='lat' dir='ltr'>Manes,</span> <span class='ocrx_word' id='word_1_243' title='bbox 621 2903 679 2961; x_wconf 93' lang='lat' dir='ltr'>hoc</span> <span class='ocrx_word' id='word_1_244' title='bbox 700 2904 786 2962; x_wconf 88' lang='lat' dir='ltr'>sentit</span> <span class='ocrx_word' id='word_1_245' title='bbox 809 2906 906 2962; x_wconf 71' lang='lat' dir='ltr'>Iulus!</span> 
     </span>
     <span class='ocr_line' id='line_1_37' title="bbox 102 2981 1078 3060; baseline 0.001 -20"><span class='ocrx_word' id='word_1_246' title='bbox 102 2982 151 3041; x_wconf 88' lang='lat' dir='ltr'>Sic</span> <span class='ocrx_word' id='word_1_247' title='bbox 170 2983 245 3038; x_wconf 86' lang='lat' dir='ltr'>satus</span> <span class='ocrx_word' id='word_1_248' title='bbox 264 2981 377 3054; x_wconf 91' lang='lat' dir='ltr'>galeam</span> <span class='ocrx_word' id='word_1_249' title='bbox 396 2981 479 3038; x_wconf 89' lang='lat' dir='ltr'>laeva</span> <span class='ocrx_word' id='word_1_250' title='bbox 499 2991 585 3050; x_wconf 90' lang='lat' dir='ltr'>tenet,</span> <span class='ocrx_word' id='word_1_251' title='bbox 607 2993 694 3056; x_wconf 90' lang='lat' dir='ltr'>atque</span> <span class='ocrx_word' id='word_1_252' title='bbox 714 2983 819 3040; x_wconf 89' lang='lat' dir='ltr'>reflexa</span> <span class='ocrx_word' id='word_1_253' title='bbox 1024 2999 1078 3060; x_wconf 88' lang='lat'>535</span> 
     </span>
     <span class='ocr_line' id='line_1_38' title="bbox 103 3057 861 3134; baseline -0.005 -12"><span class='ocrx_word' id='word_1_254' title='bbox 103 3059 224 3122; x_wconf 90' lang='lat' dir='ltr'>Cervice</span> <span class='ocrx_word' id='word_1_255' title='bbox 246 3057 354 3116; x_wconf 91' lang='lat' dir='ltr'>orantis</span> <span class='ocrx_word' id='word_1_256' title='bbox 376 3060 480 3132; x_wconf 92' lang='lat' dir='ltr'>capulo</span> <span class='ocrx_word' id='word_1_257' title='bbox 502 3069 586 3118; x_wconf 91' lang='lat' dir='ltr'>tenus</span> <span class='ocrx_word' id='word_1_258' title='bbox 607 3061 734 3134; x_wconf 90' lang='lat' dir='ltr'>adplicat</span> <span class='ocrx_word' id='word_1_259' title='bbox 753 3078 861 3118; x_wconf 90' lang='lat' dir='ltr'>ensem.</span> 
     </span>
    </p>
   </div>
   <div class='ocr_carea' id='block_1_3' title="bbox 103 3135 1010 3290">
    <p class='ocr_par' dir='ltr' id='par_1_4' title="bbox 103 3135 1010 3290">
     <span class='ocr_line' id='line_1_39' title="bbox 103 3135 1010 3213; baseline -0.002 -13"><span class='ocrx_word' id='word_1_260' title='bbox 103 3141 170 3200; x_wconf 87' lang='lat' dir='ltr'>Nec</span> <span class='ocrx_word' id='word_1_261' title='bbox 188 3137 288 3212; x_wconf 91' lang='lat' dir='ltr'>procul</span> <span class='ocrx_word' id='word_1_262' title='bbox 310 3137 520 3209; x_wconf 87' lang='lat' dir='ltr'>Haemonides,</span> <span class='ocrx_word' id='word_1_263' title='bbox 543 3138 655 3196; x_wconf 91' lang='lat' dir='ltr'>Phoebi</span> <span class='ocrx_word' id='word_1_264' title='bbox 675 3135 848 3213; x_wconf 89' lang='lat' dir='ltr'>Triviaeque</span> <span class='ocrx_word' id='word_1_265' title='bbox 868 3139 1010 3209; x_wconf 88' lang='lat' dir='ltr'>sacerdos,</span> 
     </span>
     <span class='ocr_line' id='line_1_40' title="bbox 105 3213 797 3290; baseline -0.001 -15"><span class='ocrx_word' id='word_1_266' title='bbox 105 3218 203 3276; x_wconf 83' lang='lat' dir='ltr'>Insula</span> <span class='ocrx_word' id='word_1_267' title='bbox 223 3214 270 3273; x_wconf 90' lang='lat' dir='ltr'>cui</span> <span class='ocrx_word' id='word_1_268' title='bbox 292 3233 373 3272; x_wconf 89' lang='lat' dir='ltr'>sacra</span> <span class='ocrx_word' id='word_1_269' title='bbox 393 3213 546 3273; x_wconf 91' lang='lat' dir='ltr'>redimibat</span> <span class='ocrx_word' id='word_1_270' title='bbox 567 3226 698 3290; x_wconf 89' lang='lat' dir='ltr'>tempora</span> <span class='ocrx_word' id='word_1_271' title='bbox 718 3217 797 3288; x_wconf 89' lang='lat' dir='ltr'>vitta,</span> 
     </span>
    </p>
   </div>
   <div class='ocr_carea' id='block_1_4' title="bbox 105 3293 884 3372">
    <p class='ocr_par' dir='ltr' id='par_1_5' title="bbox 105 3293 884 3372">
     <span class='ocr_line' id='line_1_41' title="bbox 105 3293 884 3372; baseline 0 -19"><span class='ocrx_word' id='word_1_272' title='bbox 105 3297 199 3358; x_wconf 88' lang='lat' dir='ltr'>Totus</span> <span class='ocrx_word' id='word_1_273' title='bbox 221 3294 379 3355; x_wconf 87' lang='lat' dir='ltr'>conlucens</span> <span class='ocrx_word' id='word_1_274' title='bbox 400 3302 480 3354; x_wconf 88' lang='lat' dir='ltr'>veste</span> <span class='ocrx_word' id='word_1_275' title='bbox 502 3304 589 3371; x_wconf 86' lang='lat' dir='ltr'>atque</span> <span class='ocrx_word' id='word_1_276' title='bbox 610 3293 769 3372; x_wconf 86' lang='lat' dir='ltr'>insignibus</span> <span class='ocrx_word' id='word_1_277' title='bbox 790 3295 884 3359; x_wconf 80' lang='lat' dir='ltr'>armis.</span> 
     </span>
    </p>
   </div>
   <div class='ocr_carea' id='block_1_5' title="bbox 0 0 1242 3686">
    <p class='ocr_par' dir='ltr' id='par_1_6' title="bbox 0 0 1242 3686">
     <span class='ocr_line' id='line_1_42' title="bbox 0 0 1242 3686; baseline 0 0"><span class='ocrx_word' id='word_1_278' title='bbox 0 0 1242 3686; x_wconf 95' lang='lat' dir='ltr'> </span> 
     </span>
    </p>
   </div>
  </div>
 </body>
</html>
