<?xml version="1.0" encoding="UTF-8"?>
<!DOCTYPE html PUBLIC "-//W3C//DTD XHTML 1.0 Transitional//EN"
    "http://www.w3.org/TR/xhtml1/DTD/xhtml1-transitional.dtd">
<html xmlns="http://www.w3.org/1999/xhtml" xml:lang="en" lang="en">
 <head>
  <title>
</title>
<meta http-equiv="Content-Type" content="text/html;charset=utf-8" />
  <meta name='ocr-system' content='tesseract 3.04.00' />
  <meta name='ocr-capabilities' content='ocr_page ocr_carea ocr_par ocr_line ocrx_word'/>
</head>
<body>
  <div class='ocr_page' id='page_1' title='image "./pvergilimaronis13virggoog/pvergilimaronis13virggoog_0146.png"; bbox 0 0 2494 3702; ppageno 0'>
   <div class='ocr_carea' id='block_1_1' title="bbox 386 60 1110 126">
    <p class='ocr_par' dir='ltr' id='par_1_1' title="bbox 386 60 1110 126">
     <span class='ocr_line' id='line_1_1' title="bbox 386 60 1110 126; baseline -0.022 -2"><span class='ocrx_word' id='word_1_1' title='bbox 386 62 660 124; x_wconf 84' lang='lat' dir='ltr'><em>GEORGICON</em></span> <span class='ocrx_word' id='word_1_2' title='bbox 674 61 758 118; x_wconf 77' lang='grc' dir='ltr'>ΠΒ.</span> <span class='ocrx_word' id='word_1_3' title='bbox 781 60 847 118; x_wconf 93' lang='lat' dir='ltr'><em>III.</em></span> <span class='ocrx_word' id='word_1_4' title='bbox 1057 73 1068 109; x_wconf 85' lang='lat' dir='ltr'>r</span> <span class='ocrx_word' id='word_1_5' title='bbox 1076 65 1110 126; x_wconf 88' lang='lat'>37</span> 
     </span>
    </p>
   </div>
   <div class='ocr_carea' id='block_1_2' title="bbox 109 207 1112 3409">
    <p class='ocr_par' dir='ltr' id='par_1_2' title="bbox 110 207 910 286">
     <span class='ocr_line' id='line_1_2' title="bbox 110 207 910 286; baseline -0.008 -14"><span class='ocrx_word' id='word_1_6' title='bbox 110 215 180 272; x_wconf 94' lang='lat' dir='ltr'>Nec</span> <span class='ocrx_word' id='word_1_7' title='bbox 202 209 297 272; x_wconf 91' lang='lat' dir='ltr'>minor</span> <span class='ocrx_word' id='word_1_8' title='bbox 320 230 391 270; x_wconf 92' lang='lat' dir='ltr'>usus</span> <span class='ocrx_word' id='word_1_9' title='bbox 415 210 478 283; x_wconf 91' lang='lat' dir='ltr'>erit,</span> <span class='ocrx_word' id='word_1_10' title='bbox 504 208 638 286; x_wconf 89' lang='lat' dir='ltr'>quamvis</span> <span class='ocrx_word' id='word_1_11' title='bbox 661 207 779 284; x_wconf 89' lang='lat' dir='ltr'>Milesia</span> <span class='ocrx_word' id='word_1_12' title='bbox 800 226 910 285; x_wconf 90' lang='lat' dir='ltr'>magno</span> 
     </span>
    </p>

    <p class='ocr_par' dir='ltr' id='par_1_3' title="bbox 109 289 835 367">
     <span class='ocr_line' id='line_1_3' title="bbox 109 289 835 367; baseline -0.008 -15"><span class='ocrx_word' id='word_1_13' title='bbox 109 295 233 354; x_wconf 80' lang='lat' dir='ltr'>Vellera</span> <span class='ocrx_word' id='word_1_14' title='bbox 253 301 403 351; x_wconf 87' lang='lat' dir='ltr'>mutentur</span> <span class='ocrx_word' id='word_1_15' title='bbox 426 289 532 367; x_wconf 88' lang='lat' dir='ltr'>Tyrios</span> <span class='ocrx_word' id='word_1_16' title='bbox 554 292 671 349; x_wconf 88' lang='lat' dir='ltr'>incocta</span> <span class='ocrx_word' id='word_1_17' title='bbox 694 293 835 349; x_wconf 88' lang='lat' dir='ltr'>rubores:</span> 
     </span>
    </p>

    <p class='ocr_par' dir='ltr' id='par_1_4' title="bbox 110 367 890 446">
     <span class='ocr_line' id='line_1_4' title="bbox 110 367 890 446; baseline -0.009 -13"><span class='ocrx_word' id='word_1_18' title='bbox 110 373 246 433; x_wconf 88' lang='lat' dir='ltr'>Densior</span> <span class='ocrx_word' id='word_1_19' title='bbox 263 371 334 431; x_wconf 91' lang='lat' dir='ltr'>hinc</span> <span class='ocrx_word' id='word_1_20' title='bbox 353 371 478 442; x_wconf 86' lang='lat' dir='ltr'>suboles,</span> <span class='ocrx_word' id='word_1_21' title='bbox 501 369 571 429; x_wconf 92' lang='lat' dir='ltr'>hinc</span> <span class='ocrx_word' id='word_1_22' title='bbox 591 369 662 446; x_wconf 83' lang='lat' dir='ltr'>largi</span> <span class='ocrx_word' id='word_1_23' title='bbox 682 369 769 445; x_wconf 89' lang='lat' dir='ltr'>copia</span> <span class='ocrx_word' id='word_1_24' title='bbox 788 367 872 427; x_wconf 90' lang='lat' dir='ltr'>lactis</span> <span class='ocrx_word' id='word_1_25' title='bbox 881 387 890 441; x_wconf 90' lang='lat'>;</span> 
     </span>
    </p>

    <p class='ocr_par' dir='ltr' id='par_1_5' title="bbox 111 449 957 530">
     <span class='ocr_line' id='line_1_5' title="bbox 111 449 957 530; baseline -0.009 -17"><span class='ocrx_word' id='word_1_26' title='bbox 111 455 215 530; x_wconf 88' lang='lat' dir='ltr'>Quam</span> <span class='ocrx_word' id='word_1_27' title='bbox 235 452 328 528; x_wconf 88' lang='lat' dir='ltr'>magis</span> <span class='ocrx_word' id='word_1_28' title='bbox 349 452 492 511; x_wconf 88' lang='lat' dir='ltr'>exhausto</span> <span class='ocrx_word' id='word_1_29' title='bbox 513 449 693 528; x_wconf 88' lang='lat' dir='ltr'>spumaverit</span> <span class='ocrx_word' id='word_1_30' title='bbox 713 451 802 509; x_wconf 91' lang='lat' dir='ltr'>ubere</span> <span class='ocrx_word' id='word_1_31' title='bbox 823 449 957 520; x_wconf 90' lang='lat' dir='ltr'>mulctra,</span> 
     </span>
    </p>

    <p class='ocr_par' dir='ltr' id='par_1_6' title="bbox 111 528 1110 686">
     <span class='ocr_line' id='line_1_6' title="bbox 111 528 1110 608; baseline -0.009 -16"><span class='ocrx_word' id='word_1_32' title='bbox 111 536 210 592; x_wconf 91' lang='lat' dir='ltr'>Laeta</span> <span class='ocrx_word' id='word_1_33' title='bbox 230 531 322 608; x_wconf 90' lang='lat' dir='ltr'>magis</span> <span class='ocrx_word' id='word_1_34' title='bbox 342 530 449 608; x_wconf 84' lang='lat' dir='ltr'>pressis</span> <span class='ocrx_word' id='word_1_35' title='bbox 469 533 632 590; x_wconf 91' lang='lat' dir='ltr'>manabunt</span> <span class='ocrx_word' id='word_1_36' title='bbox 653 529 775 589; x_wconf 90' lang='lat' dir='ltr'>flumina</span> <span class='ocrx_word' id='word_1_37' title='bbox 795 528 941 587; x_wconf 90' lang='lat' dir='ltr'>mammis.</span> <span class='ocrx_word' id='word_1_38' title='bbox 1052 547 1110 602; x_wconf 90' lang='lat'>310</span> 
     </span>
     <span class='ocr_line' id='line_1_7' title="bbox 112 610 865 686; baseline -0.008 -14"><span class='ocrx_word' id='word_1_39' title='bbox 112 616 183 672; x_wconf 91' lang='lat' dir='ltr'>Nec</span> <span class='ocrx_word' id='word_1_40' title='bbox 202 612 299 671; x_wconf 92' lang='lat' dir='ltr'>minus</span> <span class='ocrx_word' id='word_1_41' title='bbox 320 611 431 671; x_wconf 87' lang='lat' dir='ltr'>interea</span> <span class='ocrx_word' id='word_1_42' title='bbox 451 612 557 671; x_wconf 80' lang='lat' dir='ltr'>barbas</span> <span class='ocrx_word' id='word_1_43' title='bbox 578 610 745 686; x_wconf 85' lang='lat' dir='ltr'>incanaque</span> <span class='ocrx_word' id='word_1_44' title='bbox 765 620 865 668; x_wconf 91' lang='lat' dir='ltr'>menta</span> 
     </span>
    </p>

    <p class='ocr_par' dir='ltr' id='par_1_7' title="bbox 114 690 843 769">
     <span class='ocr_line' id='line_1_8' title="bbox 114 690 843 769; baseline -0.008 -15"><span class='ocrx_word' id='word_1_45' title='bbox 114 692 257 769; x_wconf 87' lang='lat' dir='ltr'>Cinyphii</span> <span class='ocrx_word' id='word_1_46' title='bbox 277 693 403 752; x_wconf 90' lang='lat' dir='ltr'>tondent</span> <span class='ocrx_word' id='word_1_47' title='bbox 423 690 495 751; x_wconf 91' lang='lat' dir='ltr'>hirci</span> <span class='ocrx_word' id='word_1_48' title='bbox 515 702 669 767; x_wconf 85' lang='lat' dir='ltr'>saetasque</span> <span class='ocrx_word' id='word_1_49' title='bbox 689 701 843 750; x_wconf 84' lang='lat' dir='ltr'>comantes</span> 
     </span>
    </p>

    <p class='ocr_par' dir='ltr' id='par_1_8' title="bbox 113 767 921 928">
     <span class='ocr_line' id='line_1_9' title="bbox 113 767 921 834; baseline -0.007 -1"><span class='ocrx_word' id='word_1_50' title='bbox 113 776 214 834; x_wconf 90' lang='lat' dir='ltr'>Usum</span> <span class='ocrx_word' id='word_1_51' title='bbox 234 772 266 832; x_wconf 91' lang='lat' dir='ltr'>in</span> <span class='ocrx_word' id='word_1_52' title='bbox 285 783 448 832; x_wconf 86' lang='lat' dir='ltr'>castrorum</span> <span class='ocrx_word' id='word_1_53' title='bbox 469 784 499 832; x_wconf 89' lang='lat' dir='ltr'>et</span> <span class='ocrx_word' id='word_1_54' title='bbox 519 771 631 831; x_wconf 90' lang='lat' dir='ltr'>miseris</span> <span class='ocrx_word' id='word_1_55' title='bbox 650 770 798 831; x_wconf 87' lang='lat' dir='ltr'>velamina</span> <span class='ocrx_word' id='word_1_56' title='bbox 818 767 921 828; x_wconf 91' lang='lat' dir='ltr'>nautis.</span> 
     </span>
     <span class='ocr_line' id='line_1_10' title="bbox 116 851 797 928; baseline -0.004 -16"><span class='ocrx_word' id='word_1_57' title='bbox 116 856 283 913; x_wconf 90' lang='lat' dir='ltr'>Pascuntur</span> <span class='ocrx_word' id='word_1_58' title='bbox 301 872 372 912; x_wconf 88' lang='lat' dir='ltr'>vero</span> <span class='ocrx_word' id='word_1_59' title='bbox 393 851 480 912; x_wconf 90' lang='lat' dir='ltr'>silvas</span> <span class='ocrx_word' id='word_1_60' title='bbox 501 862 531 912; x_wconf 91' lang='lat' dir='ltr'>et</span> <span class='ocrx_word' id='word_1_61' title='bbox 552 871 667 911; x_wconf 90' lang='lat' dir='ltr'>summa</span> <span class='ocrx_word' id='word_1_62' title='bbox 688 851 797 928; x_wconf 85' lang='lat' dir='ltr'>Lycaei</span> 
     </span>
    </p>

    <p class='ocr_par' dir='ltr' id='par_1_9' title="bbox 114 932 1108 1091">
     <span class='ocr_line' id='line_1_11' title="bbox 116 932 1108 1010; baseline -0.006 -17"><span class='ocrx_word' id='word_1_63' title='bbox 116 936 341 1010; x_wconf 90' lang='lat' dir='ltr'>Horrentesque</span> <span class='ocrx_word' id='word_1_64' title='bbox 360 934 451 992; x_wconf 89' lang='lat' dir='ltr'>rubos</span> <span class='ocrx_word' id='word_1_65' title='bbox 472 943 502 992; x_wconf 92' lang='lat' dir='ltr'>et</span> <span class='ocrx_word' id='word_1_66' title='bbox 521 943 655 992; x_wconf 89' lang='lat' dir='ltr'>amantes</span> <span class='ocrx_word' id='word_1_67' title='bbox 675 933 768 990; x_wconf 89' lang='lat' dir='ltr'>ardua</span> <span class='ocrx_word' id='word_1_68' title='bbox 787 932 912 991; x_wconf 90' lang='lat' dir='ltr'>dumos:</span> <span class='ocrx_word' id='word_1_69' title='bbox 1052 948 1108 1006; x_wconf 82' lang='lat'>315</span> 
     </span>
     <span class='ocr_line' id='line_1_12' title="bbox 114 1011 931 1091; baseline -0.004 -18"><span class='ocrx_word' id='word_1_70' title='bbox 114 1017 216 1091; x_wconf 82' lang='lat' dir='ltr'>Atque</span> <span class='ocrx_word' id='word_1_71' title='bbox 236 1013 318 1090; x_wconf 85' lang='lat' dir='ltr'>ipsae</span> <span class='ocrx_word' id='word_1_72' title='bbox 338 1032 485 1072; x_wconf 90' lang='lat' dir='ltr'>memores</span> <span class='ocrx_word' id='word_1_73' title='bbox 505 1014 632 1072; x_wconf 88' lang='lat' dir='ltr'>redeunt</span> <span class='ocrx_word' id='word_1_74' title='bbox 651 1011 683 1070; x_wconf 88' lang='lat' dir='ltr'>in</span> <span class='ocrx_word' id='word_1_75' title='bbox 703 1023 782 1070; x_wconf 87' lang='lat' dir='ltr'>tecta</span> <span class='ocrx_word' id='word_1_76' title='bbox 802 1029 931 1086; x_wconf 89' lang='lat' dir='ltr'>suosque</span> 
     </span>
    </p>

    <p class='ocr_par' dir='ltr' id='par_1_10' title="bbox 115 1091 899 1170">
     <span class='ocr_line' id='line_1_13' title="bbox 115 1091 899 1170; baseline -0.005 -17"><span class='ocrx_word' id='word_1_77' title='bbox 115 1097 248 1162; x_wconf 91' lang='lat' dir='ltr'>Ducunt,</span> <span class='ocrx_word' id='word_1_78' title='bbox 269 1103 299 1152; x_wconf 91' lang='lat' dir='ltr'>et</span> <span class='ocrx_word' id='word_1_79' title='bbox 319 1093 439 1170; x_wconf 88' lang='lat' dir='ltr'>gravido</span> <span class='ocrx_word' id='word_1_80' title='bbox 461 1105 600 1168; x_wconf 90' lang='lat' dir='ltr'>superant</span> <span class='ocrx_word' id='word_1_81' title='bbox 620 1092 669 1151; x_wconf 89' lang='lat' dir='ltr'>vix</span> <span class='ocrx_word' id='word_1_82' title='bbox 690 1093 780 1152; x_wconf 88' lang='lat' dir='ltr'>ubere</span> <span class='ocrx_word' id='word_1_83' title='bbox 801 1091 899 1150; x_wconf 90' lang='lat' dir='ltr'>limen.</span> 
     </span>
    </p>

    <p class='ocr_par' dir='ltr' id='par_1_11' title="bbox 116 1170 889 1252">
     <span class='ocr_line' id='line_1_14' title="bbox 116 1170 889 1252; baseline -0.006 -18"><span class='ocrx_word' id='word_1_84' title='bbox 116 1177 196 1252; x_wconf 89' lang='lat' dir='ltr'>Ergo</span> <span class='ocrx_word' id='word_1_85' title='bbox 216 1173 299 1234; x_wconf 89' lang='lat' dir='ltr'>omni</span> <span class='ocrx_word' id='word_1_86' title='bbox 319 1174 418 1233; x_wconf 93' lang='lat' dir='ltr'>studio</span> <span class='ocrx_word' id='word_1_87' title='bbox 438 1173 562 1250; x_wconf 87' lang='lat' dir='ltr'>glaciem</span> <span class='ocrx_word' id='word_1_88' title='bbox 584 1184 748 1248; x_wconf 88' lang='lat' dir='ltr'>ventosque</span> <span class='ocrx_word' id='word_1_89' title='bbox 769 1170 889 1239; x_wconf 88' lang='lat' dir='ltr'>nivales,</span> 
     </span>
    </p>

    <p class='ocr_par' dir='ltr' id='par_1_12' title="bbox 116 1253 848 1330">
     <span class='ocr_line' id='line_1_15' title="bbox 116 1253 848 1330; baseline -0.005 -17"><span class='ocrx_word' id='word_1_90' title='bbox 116 1256 186 1330; x_wconf 89' lang='lat' dir='ltr'>Quo</span> <span class='ocrx_word' id='word_1_91' title='bbox 207 1253 303 1313; x_wconf 90' lang='lat' dir='ltr'>minor</span> <span class='ocrx_word' id='word_1_92' title='bbox 323 1265 369 1313; x_wconf 91' lang='lat' dir='ltr'>est</span> <span class='ocrx_word' id='word_1_93' title='bbox 389 1253 445 1313; x_wconf 93' lang='lat' dir='ltr'>illis</span> <span class='ocrx_word' id='word_1_94' title='bbox 466 1273 553 1314; x_wconf 89' lang='lat' dir='ltr'>curae</span> <span class='ocrx_word' id='word_1_95' title='bbox 572 1254 704 1312; x_wconf 89' lang='lat' dir='ltr'>mortalis</span> <span class='ocrx_word' id='word_1_96' title='bbox 726 1263 848 1329; x_wconf 86' lang='lat' dir='ltr'>egestas,</span> 
     </span>
    </p>

    <p class='ocr_par' dir='ltr' id='par_1_13' title="bbox 114 1333 1110 1487">
     <span class='ocr_line' id='line_1_16' title="bbox 114 1333 1110 1410; baseline -0.006 -16"><span class='ocrx_word' id='word_1_97' title='bbox 114 1339 239 1396; x_wconf 89' lang='lat' dir='ltr'>Avertes</span> <span class='ocrx_word' id='word_1_98' title='bbox 259 1335 430 1410; x_wconf 87' lang='lat' dir='ltr'>victumque</span> <span class='ocrx_word' id='word_1_99' title='bbox 450 1334 525 1394; x_wconf 81' lang='lat' dir='ltr'>feres</span> <span class='ocrx_word' id='word_1_100' title='bbox 546 1345 576 1395; x_wconf 91' lang='lat' dir='ltr'>et</span> <span class='ocrx_word' id='word_1_101' title='bbox 595 1333 694 1408; x_wconf 89' lang='lat' dir='ltr'>virgea</span> <span class='ocrx_word' id='word_1_102' title='bbox 713 1335 807 1392; x_wconf 90' lang='lat' dir='ltr'>laetus</span> <span class='ocrx_word' id='word_1_103' title='bbox 1052 1351 1110 1406; x_wconf 84' lang='lat'>3²0</span> 
     </span>
     <span class='ocr_line' id='line_1_17' title="bbox 115 1413 808 1487; baseline -0.003 -13"><span class='ocrx_word' id='word_1_104' title='bbox 115 1416 237 1487; x_wconf 81' lang='lat' dir='ltr'>Pabula,</span> <span class='ocrx_word' id='word_1_105' title='bbox 260 1434 315 1474; x_wconf 90' lang='lat' dir='ltr'>nec</span> <span class='ocrx_word' id='word_1_106' title='bbox 336 1424 400 1474; x_wconf 88' lang='lat' dir='ltr'>tota</span> <span class='ocrx_word' id='word_1_107' title='bbox 419 1415 539 1474; x_wconf 91' lang='lat' dir='ltr'>claudes</span> <span class='ocrx_word' id='word_1_108' title='bbox 559 1413 677 1473; x_wconf 86' lang='lat' dir='ltr'>faenilia</span> <span class='ocrx_word' id='word_1_109' title='bbox 698 1415 808 1473; x_wconf 90' lang='lat' dir='ltr'>bruma.</span> 
     </span>
    </p>

    <p class='ocr_par' dir='ltr' id='par_1_14' title="bbox 115 1493 902 1572">
     <span class='ocr_line' id='line_1_18' title="bbox 115 1493 902 1572; baseline -0.003 -18"><span class='ocrx_word' id='word_1_110' title='bbox 115 1499 156 1554; x_wconf 88' lang='lat' dir='ltr'>At</span> <span class='ocrx_word' id='word_1_111' title='bbox 176 1514 247 1554; x_wconf 91' lang='lat' dir='ltr'>vero</span> <span class='ocrx_word' id='word_1_112' title='bbox 267 1493 406 1572; x_wconf 89' lang='lat' dir='ltr'>Zephyris</span> <span class='ocrx_word' id='word_1_113' title='bbox 426 1514 495 1553; x_wconf 93' lang='lat' dir='ltr'>cum</span> <span class='ocrx_word' id='word_1_114' title='bbox 515 1495 592 1554; x_wconf 87' lang='lat' dir='ltr'>laeta</span> <span class='ocrx_word' id='word_1_115' title='bbox 611 1494 785 1553; x_wconf 88' lang='lat' dir='ltr'>vocantibus</span> <span class='ocrx_word' id='word_1_116' title='bbox 806 1504 902 1553; x_wconf 88' lang='lat' dir='ltr'>aestas</span> 
     </span>
    </p>

    <p class='ocr_par' dir='ltr' id='par_1_15' title="bbox 115 1572 1001 1731">
     <span class='ocr_line' id='line_1_19' title="bbox 115 1572 1001 1651; baseline 0 -17"><span class='ocrx_word' id='word_1_117' title='bbox 115 1579 154 1635; x_wconf 91' lang='lat' dir='ltr'>In</span> <span class='ocrx_word' id='word_1_118' title='bbox 175 1576 265 1634; x_wconf 89' lang='lat' dir='ltr'>saltus</span> <span class='ocrx_word' id='word_1_119' title='bbox 286 1579 444 1650; x_wconf 87' lang='lat' dir='ltr'>utrumque</span> <span class='ocrx_word' id='word_1_120' title='bbox 464 1593 582 1650; x_wconf 85' lang='lat' dir='ltr'>gregem</span> <span class='ocrx_word' id='word_1_121' title='bbox 603 1586 692 1650; x_wconf 90' lang='lat' dir='ltr'>atque</span> <span class='ocrx_word' id='word_1_122' title='bbox 712 1574 744 1633; x_wconf 92' lang='lat' dir='ltr'>in</span> <span class='ocrx_word' id='word_1_123' title='bbox 765 1593 875 1651; x_wconf 88' lang='lat' dir='ltr'>pascua</span> <span class='ocrx_word' id='word_1_124' title='bbox 894 1572 1001 1649; x_wconf 88' lang='lat' dir='ltr'>mittet,</span> 
     </span>
     <span class='ocr_line' id='line_1_20' title="bbox 115 1651 886 1731; baseline -0.001 -17"><span class='ocrx_word' id='word_1_125' title='bbox 115 1655 246 1716; x_wconf 85' lang='lat' dir='ltr'>Luciferi</span> <span class='ocrx_word' id='word_1_126' title='bbox 266 1655 362 1730; x_wconf 92' lang='lat' dir='ltr'>primo</span> <span class='ocrx_word' id='word_1_127' title='bbox 383 1674 452 1713; x_wconf 89' lang='lat' dir='ltr'>cum</span> <span class='ocrx_word' id='word_1_128' title='bbox 473 1654 568 1714; x_wconf 92' lang='lat' dir='ltr'>sidere</span> <span class='ocrx_word' id='word_1_129' title='bbox 588 1655 693 1731; x_wconf 82' lang='lat' dir='ltr'>frigida</span> <span class='ocrx_word' id='word_1_130' title='bbox 712 1675 779 1714; x_wconf 89' lang='lat' dir='ltr'>rura</span> <span class='ocrx_word' id='word_1_131' title='bbox 881 1651 886 1662; x_wconf 86' lang='grc'><strong>“</strong></span> 
     </span>
    </p>

    <p class='ocr_par' dir='ltr' id='par_1_16' title="bbox 115 1736 1109 1892">
     <span class='ocr_line' id='line_1_21' title="bbox 115 1736 1109 1813; baseline -0.006 -17"><span class='ocrx_word' id='word_1_132' title='bbox 115 1738 290 1813; x_wconf 87' lang='lat' dir='ltr'>Carpamus,</span> <span class='ocrx_word' id='word_1_133' title='bbox 311 1737 382 1795; x_wconf 89' lang='lat' dir='ltr'>dum</span> <span class='ocrx_word' id='word_1_134' title='bbox 403 1754 492 1794; x_wconf 90' lang='lat' dir='ltr'>mane</span> <span class='ocrx_word' id='word_1_135' title='bbox 512 1754 631 1807; x_wconf 90' lang='lat' dir='ltr'>novum,</span> <span class='ocrx_word' id='word_1_136' title='bbox 653 1736 725 1794; x_wconf 90' lang='lat' dir='ltr'>dum</span> <span class='ocrx_word' id='word_1_137' title='bbox 745 1736 876 1813; x_wconf 89' lang='lat' dir='ltr'>gramina</span> <span class='ocrx_word' id='word_1_138' title='bbox 897 1745 1013 1808; x_wconf 91' lang='lat' dir='ltr'>canent,</span> <span class='ocrx_word' id='word_1_139' title='bbox 1054 1751 1109 1810; x_wconf 85' lang='lat'>325</span> 
     </span>
     <span class='ocr_line' id='line_1_22' title="bbox 117 1815 835 1892; baseline 0.001 -17"><span class='ocrx_word' id='word_1_140' title='bbox 117 1819 158 1876; x_wconf 90' lang='lat' dir='ltr'>Et</span> <span class='ocrx_word' id='word_1_141' title='bbox 178 1835 226 1876; x_wconf 94' lang='lat' dir='ltr'>ros</span> <span class='ocrx_word' id='word_1_142' title='bbox 246 1815 277 1874; x_wconf 90' lang='lat' dir='ltr'>in</span> <span class='ocrx_word' id='word_1_143' title='bbox 297 1827 399 1876; x_wconf 89' lang='lat' dir='ltr'>tenera</span> <span class='ocrx_word' id='word_1_144' title='bbox 417 1815 518 1892; x_wconf 92' lang='lat' dir='ltr'>pecori</span> <span class='ocrx_word' id='word_1_145' title='bbox 537 1815 717 1890; x_wconf 86' lang='lat' dir='ltr'>gratissimus</span> <span class='ocrx_word' id='word_1_146' title='bbox 737 1817 835 1876; x_wconf 88' lang='lat' dir='ltr'>herba</span> 
     </span>
    </p>

    <p class='ocr_par' dir='ltr' id='par_1_17' title="bbox 116 1894 846 1972">
     <span class='ocr_line' id='line_1_23' title="bbox 116 1894 846 1972; baseline 0 -16"><span class='ocrx_word' id='word_1_147' title='bbox 116 1898 197 1956; x_wconf 91' lang='lat' dir='ltr'>Inde</span> <span class='ocrx_word' id='word_1_148' title='bbox 216 1895 268 1955; x_wconf 91' lang='lat' dir='ltr'>ubi</span> <span class='ocrx_word' id='word_1_149' title='bbox 288 1906 392 1972; x_wconf 90' lang='lat' dir='ltr'>quarta</span> <span class='ocrx_word' id='word_1_150' title='bbox 412 1894 490 1954; x_wconf 89' lang='lat' dir='ltr'>sitim</span> <span class='ocrx_word' id='word_1_151' title='bbox 511 1894 585 1954; x_wconf 90' lang='lat' dir='ltr'>caeli</span> <span class='ocrx_word' id='word_1_152' title='bbox 605 1895 754 1972; x_wconf 90' lang='lat' dir='ltr'>collegerit</span> <span class='ocrx_word' id='word_1_153' title='bbox 774 1899 846 1956; x_wconf 88' lang='lat' dir='ltr'>hora</span> 
     </span>
    </p>

    <p class='ocr_par' dir='ltr' id='par_1_18' title="bbox 117 1977 870 2052">
     <span class='ocr_line' id='line_1_24' title="bbox 117 1977 870 2052; baseline 0.001 -17"><span class='ocrx_word' id='word_1_154' title='bbox 117 1978 158 2035; x_wconf 93' lang='lat' dir='ltr'>Et</span> <span class='ocrx_word' id='word_1_155' title='bbox 179 1987 268 2035; x_wconf 91' lang='lat' dir='ltr'>cantu</span> <span class='ocrx_word' id='word_1_156' title='bbox 287 1977 427 2051; x_wconf 87' lang='lat' dir='ltr'>querulae</span> <span class='ocrx_word' id='word_1_157' title='bbox 446 1986 584 2052; x_wconf 90' lang='lat' dir='ltr'>rumpent</span> <span class='ocrx_word' id='word_1_158' title='bbox 603 1977 723 2035; x_wconf 91' lang='lat' dir='ltr'>arbusta</span> <span class='ocrx_word' id='word_1_159' title='bbox 742 1977 870 2048; x_wconf 88' lang='lat' dir='ltr'>cicadae,</span> 
     </span>
    </p>

    <p class='ocr_par' dir='ltr' id='par_1_19' title="bbox 116 2056 877 2132">
     <span class='ocr_line' id='line_1_25' title="bbox 116 2056 877 2132; baseline 0 -16"><span class='ocrx_word' id='word_1_160' title='bbox 116 2057 168 2116; x_wconf 92' lang='lat' dir='ltr'>Ad</span> <span class='ocrx_word' id='word_1_161' title='bbox 188 2067 294 2132; x_wconf 90' lang='lat' dir='ltr'>puteos</span> <span class='ocrx_word' id='word_1_162' title='bbox 315 2067 366 2115; x_wconf 93' lang='lat' dir='ltr'>aut</span> <span class='ocrx_word' id='word_1_163' title='bbox 385 2056 445 2115; x_wconf 92' lang='lat' dir='ltr'>alta</span> <span class='ocrx_word' id='word_1_164' title='bbox 463 2074 565 2132; x_wconf 89' lang='lat' dir='ltr'>greges</span> <span class='ocrx_word' id='word_1_165' title='bbox 586 2057 625 2114; x_wconf 93' lang='lat' dir='ltr'>ad</span> <span class='ocrx_word' id='word_1_166' title='bbox 645 2066 748 2132; x_wconf 89' lang='lat' dir='ltr'>stagna</span> <span class='ocrx_word' id='word_1_167' title='bbox 767 2057 877 2116; x_wconf 92' lang='lat' dir='ltr'>iubebo</span> 
     </span>
    </p>

    <p class='ocr_par' dir='ltr' id='par_1_20' title="bbox 118 2135 1110 2292">
     <span class='ocr_line' id='line_1_26' title="bbox 118 2135 1110 2212; baseline -0.006 -15"><span class='ocrx_word' id='word_1_168' title='bbox 118 2137 294 2197; x_wconf 90' lang='lat' dir='ltr'>Currentem</span> <span class='ocrx_word' id='word_1_169' title='bbox 314 2135 411 2212; x_wconf 89' lang='lat' dir='ltr'>ilignis</span> <span class='ocrx_word' id='word_1_170' title='bbox 431 2146 533 2212; x_wconf 91' lang='lat' dir='ltr'>potare</span> <span class='ocrx_word' id='word_1_171' title='bbox 554 2135 705 2195; x_wconf 90' lang='lat' dir='ltr'>canalibus</span> <span class='ocrx_word' id='word_1_172' title='bbox 725 2137 856 2209; x_wconf 88' lang='lat' dir='ltr'>undam;</span> <span class='ocrx_word' id='word_1_173' title='bbox 1052 2155 1110 2211; x_wconf 82' lang='lat'>330</span> 
     </span>
     <span class='ocr_line' id='line_1_27' title="bbox 119 2214 931 2292; baseline 0.001 -18"><span class='ocrx_word' id='word_1_174' title='bbox 119 2217 259 2276; x_wconf 89' lang='lat' dir='ltr'>Aestibus</span> <span class='ocrx_word' id='word_1_175' title='bbox 280 2226 310 2274; x_wconf 90' lang='lat' dir='ltr'>at</span> <span class='ocrx_word' id='word_1_176' title='bbox 329 2214 435 2275; x_wconf 90' lang='lat' dir='ltr'>mediis</span> <span class='ocrx_word' id='word_1_177' title='bbox 455 2219 624 2275; x_wconf 89' lang='lat' dir='ltr'>umbrosam</span> <span class='ocrx_word' id='word_1_178' title='bbox 645 2217 795 2292; x_wconf 85' lang='lat' dir='ltr'>exquirere</span> <span class='ocrx_word' id='word_1_179' title='bbox 815 2219 931 2288; x_wconf 89' lang='lat' dir='ltr'>vallem,</span> 
     </span>
    </p>

    <p class='ocr_par' dir='ltr' id='par_1_21' title="bbox 119 2295 863 2372">
     <span class='ocr_line' id='line_1_28' title="bbox 119 2295 863 2372; baseline 0.004 -17"><span class='ocrx_word' id='word_1_180' title='bbox 119 2296 221 2356; x_wconf 91' lang='lat' dir='ltr'>Sicubi</span> <span class='ocrx_word' id='word_1_181' title='bbox 240 2313 347 2371; x_wconf 88' lang='lat' dir='ltr'>magna</span> <span class='ocrx_word' id='word_1_182' title='bbox 368 2295 449 2356; x_wconf 90' lang='lat' dir='ltr'>Iovis</span> <span class='ocrx_word' id='word_1_183' title='bbox 469 2296 592 2371; x_wconf 90' lang='lat' dir='ltr'>antiquo</span> <span class='ocrx_word' id='word_1_184' title='bbox 613 2297 719 2356; x_wconf 90' lang='lat' dir='ltr'>robore</span> <span class='ocrx_word' id='word_1_185' title='bbox 739 2315 863 2372; x_wconf 91' lang='lat' dir='ltr'>quercus</span> 
     </span>
    </p>

    <p class='ocr_par' dir='ltr' id='par_1_22' title="bbox 119 2376 833 2454">
     <span class='ocr_line' id='line_1_29' title="bbox 119 2376 833 2454; baseline 0.001 -19"><span class='ocrx_word' id='word_1_186' title='bbox 119 2378 262 2452; x_wconf 87' lang='lat' dir='ltr'>Ingentes</span> <span class='ocrx_word' id='word_1_187' title='bbox 282 2377 384 2434; x_wconf 90' lang='lat' dir='ltr'>tendat</span> <span class='ocrx_word' id='word_1_188' title='bbox 404 2395 510 2448; x_wconf 88' lang='lat' dir='ltr'>ramos,</span> <span class='ocrx_word' id='word_1_189' title='bbox 532 2387 583 2436; x_wconf 89' lang='lat' dir='ltr'>aut</span> <span class='ocrx_word' id='word_1_190' title='bbox 604 2376 697 2435; x_wconf 91' lang='lat' dir='ltr'>sicubi</span> <span class='ocrx_word' id='word_1_191' title='bbox 718 2378 833 2454; x_wconf 91' lang='lat' dir='ltr'>nigrum</span> 
     </span>
    </p>

    <p class='ocr_par' dir='ltr' id='par_1_23' title="bbox 120 2455 886 2530">
     <span class='ocr_line' id='line_1_30' title="bbox 120 2455 886 2530; baseline 0.004 -16"><span class='ocrx_word' id='word_1_192' title='bbox 120 2455 243 2515; x_wconf 90' lang='lat' dir='ltr'>Ilicibus</span> <span class='ocrx_word' id='word_1_193' title='bbox 264 2455 372 2514; x_wconf 89' lang='lat' dir='ltr'>crebris</span> <span class='ocrx_word' id='word_1_194' title='bbox 393 2475 476 2514; x_wconf 91' lang='lat' dir='ltr'>sacra</span> <span class='ocrx_word' id='word_1_195' title='bbox 495 2475 600 2515; x_wconf 90' lang='lat' dir='ltr'>nemus</span> <span class='ocrx_word' id='word_1_196' title='bbox 621 2458 746 2516; x_wconf 87' lang='lat' dir='ltr'>accubet</span> <span class='ocrx_word' id='word_1_197' title='bbox 766 2459 886 2530; x_wconf 64' lang='lat' dir='ltr'>umbra,</span> 
     </span>
    </p>

    <p class='ocr_par' dir='ltr' id='par_1_24' title="bbox 119 2537 1110 2694">
     <span class='ocr_line' id='line_1_31' title="bbox 119 2537 1110 2612; baseline 0.002 -17"><span class='ocrx_word' id='word_1_198' title='bbox 119 2538 200 2595; x_wconf 90' lang='lat' dir='ltr'>Tum</span> <span class='ocrx_word' id='word_1_199' title='bbox 220 2546 324 2595; x_wconf 92' lang='lat' dir='ltr'>tenues</span> <span class='ocrx_word' id='word_1_200' title='bbox 344 2537 414 2595; x_wconf 89' lang='lat' dir='ltr'>dare</span> <span class='ocrx_word' id='word_1_201' title='bbox 434 2554 531 2595; x_wconf 87' lang='lat' dir='ltr'>rursus</span> <span class='ocrx_word' id='word_1_202' title='bbox 552 2554 642 2611; x_wconf 92' lang='lat' dir='ltr'>aquas</span> <span class='ocrx_word' id='word_1_203' title='bbox 664 2547 693 2595; x_wconf 90' lang='lat' dir='ltr'>et</span> <span class='ocrx_word' id='word_1_204' title='bbox 712 2557 834 2612; x_wconf 91' lang='lat' dir='ltr'>pascere</span> <span class='ocrx_word' id='word_1_205' title='bbox 854 2558 952 2597; x_wconf 91' lang='lat' dir='ltr'>rursus</span> <span class='ocrx_word' id='word_1_206' title='bbox 1054 2553 1110 2612; x_wconf 85' lang='lat'>335</span> 
     </span>
     <span class='ocr_line' id='line_1_32' title="bbox 119 2615 867 2694; baseline 0.004 -19"><span class='ocrx_word' id='word_1_207' title='bbox 119 2615 198 2676; x_wconf 91' lang='lat' dir='ltr'>Solis</span> <span class='ocrx_word' id='word_1_208' title='bbox 218 2615 256 2674; x_wconf 92' lang='lat' dir='ltr'>ad</span> <span class='ocrx_word' id='word_1_209' title='bbox 277 2634 425 2686; x_wconf 88' lang='lat' dir='ltr'>occasum,</span> <span class='ocrx_word' id='word_1_210' title='bbox 446 2635 514 2674; x_wconf 93' lang='lat' dir='ltr'>cum</span> <span class='ocrx_word' id='word_1_211' title='bbox 535 2615 655 2690; x_wconf 82' lang='lat' dir='ltr'>frigidus</span> <span class='ocrx_word' id='word_1_212' title='bbox 676 2619 743 2675; x_wconf 73' lang='lat' dir='ltr'>aera</span> <span class='ocrx_word' id='word_1_213' title='bbox 762 2637 867 2694; x_wconf 90' lang='lat' dir='ltr'>vesper</span> 
     </span>
    </p>

    <p class='ocr_par' dir='ltr' id='par_1_25' title="bbox 120 2695 861 2772">
     <span class='ocr_line' id='line_1_33' title="bbox 120 2695 861 2772; baseline 0.001 -18"><span class='ocrx_word' id='word_1_214' title='bbox 120 2698 281 2772; x_wconf 89' lang='lat' dir='ltr'>Temperat</span> <span class='ocrx_word' id='word_1_215' title='bbox 302 2705 331 2754; x_wconf 91' lang='lat' dir='ltr'>et</span> <span class='ocrx_word' id='word_1_216' title='bbox 352 2697 442 2754; x_wconf 87' lang='lat' dir='ltr'>saltus</span> <span class='ocrx_word' id='word_1_217' title='bbox 463 2695 555 2754; x_wconf 90' lang='lat' dir='ltr'>reficit</span> <span class='ocrx_word' id='word_1_218' title='bbox 575 2696 634 2754; x_wconf 90' lang='lat' dir='ltr'>iam</span> <span class='ocrx_word' id='word_1_219' title='bbox 655 2695 770 2755; x_wconf 87' lang='lat' dir='ltr'>roscida</span> <span class='ocrx_word' id='word_1_220' title='bbox 790 2699 861 2756; x_wconf 90' lang='lat' dir='ltr'>luna</span> 
     </span>
    </p>

    <p class='ocr_par' dir='ltr' id='par_1_26' title="bbox 119 2775 942 2851">
     <span class='ocr_line' id='line_1_34' title="bbox 119 2775 942 2851; baseline 0 -17"><span class='ocrx_word' id='word_1_221' title='bbox 119 2775 282 2850; x_wconf 87' lang='lat' dir='ltr'>Litoraque</span> <span class='ocrx_word' id='word_1_222' title='bbox 302 2777 456 2851; x_wconf 88' lang='lat' dir='ltr'>alcyonem</span> <span class='ocrx_word' id='word_1_223' title='bbox 477 2786 624 2848; x_wconf 90' lang='lat' dir='ltr'>resonant,</span> <span class='ocrx_word' id='word_1_224' title='bbox 646 2776 832 2836; x_wconf 85' lang='lat' dir='ltr'>acalanthida</span> <span class='ocrx_word' id='word_1_225' title='bbox 852 2776 942 2836; x_wconf 89' lang='lat' dir='ltr'>dumi.</span> 
     </span>
    </p>

    <p class='ocr_par' dir='ltr' id='par_1_27' title="bbox 121 2853 1112 3409">
     <span class='ocr_line' id='line_1_35' title="bbox 163 2853 940 2932; baseline 0.003 -19"><span class='ocrx_word' id='word_1_226' title='bbox 163 2853 244 2930; x_wconf 88' lang='lat' dir='ltr'>Quid</span> <span class='ocrx_word' id='word_1_227' title='bbox 265 2855 319 2914; x_wconf 92' lang='lat' dir='ltr'>tibi</span> <span class='ocrx_word' id='word_1_228' title='bbox 339 2866 470 2931; x_wconf 89' lang='lat' dir='ltr'>pastores</span> <span class='ocrx_word' id='word_1_229' title='bbox 492 2855 610 2932; x_wconf 85' lang='lat' dir='ltr'>Libyae,</span> <span class='ocrx_word' id='word_1_230' title='bbox 632 2855 705 2930; x_wconf 90' lang='lat' dir='ltr'>quid</span> <span class='ocrx_word' id='word_1_231' title='bbox 725 2873 836 2930; x_wconf 89' lang='lat' dir='ltr'>pascua</span> <span class='ocrx_word' id='word_1_232' title='bbox 856 2876 940 2915; x_wconf 90' lang='lat' dir='ltr'>versu</span> 
     </span>
     <span class='ocr_line' id='line_1_36' title="bbox 121 2932 1112 3011; baseline -0.001 -17"><span class='ocrx_word' id='word_1_233' title='bbox 121 2938 287 3010; x_wconf 89' lang='lat' dir='ltr'>Prosequar</span> <span class='ocrx_word' id='word_1_234' title='bbox 307 2944 337 2994; x_wconf 89' lang='lat' dir='ltr'>et</span> <span class='ocrx_word' id='word_1_235' title='bbox 356 2932 426 2993; x_wconf 90' lang='lat' dir='ltr'>raris</span> <span class='ocrx_word' id='word_1_236' title='bbox 446 2935 579 2995; x_wconf 87' lang='lat' dir='ltr'>habitata</span> <span class='ocrx_word' id='word_1_237' title='bbox 598 2934 727 3010; x_wconf 89' lang='lat' dir='ltr'>mapalia</span> <span class='ocrx_word' id='word_1_238' title='bbox 747 2935 855 2994; x_wconf 85' lang='lat' dir='ltr'>tectis?</span> <span class='ocrx_word' id='word_1_239' title='bbox 1054 2956 1112 3011; x_wconf 81' lang='lat'>340</span> 
     </span>
     <span class='ocr_line' id='line_1_37' title="bbox 121 3014 1015 3091; baseline 0 -17"><span class='ocrx_word' id='word_1_240' title='bbox 121 3017 217 3091; x_wconf 88' lang='lat' dir='ltr'>Saepe</span> <span class='ocrx_word' id='word_1_241' title='bbox 239 3014 316 3073; x_wconf 91' lang='lat' dir='ltr'>diem</span> <span class='ocrx_word' id='word_1_242' title='bbox 339 3025 516 3090; x_wconf 90' lang='lat' dir='ltr'>noctemque</span> <span class='ocrx_word' id='word_1_243' title='bbox 536 3026 566 3074; x_wconf 93' lang='lat' dir='ltr'>et</span> <span class='ocrx_word' id='word_1_244' title='bbox 586 3025 683 3074; x_wconf 89' lang='lat' dir='ltr'>totum</span> <span class='ocrx_word' id='word_1_245' title='bbox 703 3033 740 3072; x_wconf 87' lang='lat' dir='ltr'>ex</span> <span class='ocrx_word' id='word_1_246' title='bbox 760 3016 862 3075; x_wconf 91' lang='lat' dir='ltr'>ordine</span> <span class='ocrx_word' id='word_1_247' title='bbox 884 3035 1015 3076; x_wconf 89' lang='lat' dir='ltr'>mensem</span> 
     </span>
     <span class='ocr_line' id='line_1_38' title="bbox 122 3093 932 3170; baseline 0.001 -16"><span class='ocrx_word' id='word_1_248' title='bbox 122 3093 255 3154; x_wconf 88' lang='lat' dir='ltr'>Pascitur</span> <span class='ocrx_word' id='word_1_249' title='bbox 275 3093 357 3170; x_wconf 92' lang='lat' dir='ltr'>itque</span> <span class='ocrx_word' id='word_1_250' title='bbox 377 3113 468 3170; x_wconf 91' lang='lat' dir='ltr'>pecus</span> <span class='ocrx_word' id='word_1_251' title='bbox 488 3096 577 3170; x_wconf 89' lang='lat' dir='ltr'>longa</span> <span class='ocrx_word' id='word_1_252' title='bbox 596 3093 627 3152; x_wconf 91' lang='lat' dir='ltr'>in</span> <span class='ocrx_word' id='word_1_253' title='bbox 647 3095 763 3153; x_wconf 88' lang='lat' dir='ltr'>deserta</span> <span class='ocrx_word' id='word_1_254' title='bbox 783 3095 845 3155; x_wconf 89' lang='lat' dir='ltr'>sine</span> <span class='ocrx_word' id='word_1_255' title='bbox 865 3097 932 3156; x_wconf 91' lang='lat' dir='ltr'>ullis</span> 
     </span>
     <span class='ocr_line' id='line_1_39' title="bbox 124 3173 913 3250; baseline -0.001 -17"><span class='ocrx_word' id='word_1_256' title='bbox 124 3173 292 3250; x_wconf 85' lang='lat' dir='ltr'>Hospitiis:</span> <span class='ocrx_word' id='word_1_257' title='bbox 312 3184 427 3233; x_wconf 89' lang='lat' dir='ltr'>tanturn</span> <span class='ocrx_word' id='word_1_258' title='bbox 448 3175 546 3250; x_wconf 88' lang='lat' dir='ltr'>campi</span> <span class='ocrx_word' id='word_1_259' title='bbox 567 3174 650 3232; x_wconf 90' lang='lat' dir='ltr'>iacet.</span> <span class='ocrx_word' id='word_1_260' title='bbox 693 3175 793 3232; x_wconf 91' lang='lat' dir='ltr'>omnia</span> <span class='ocrx_word' id='word_1_261' title='bbox 807 3194 913 3233; x_wconf 87' lang='lat' dir='ltr'>secum</span> 
     </span>
     <span class='ocr_line' id='line_1_40' title="bbox 121 3253 867 3328; baseline -0.003 -15"><span class='ocrx_word' id='word_1_262' title='bbox 121 3253 326 3313; x_wconf 88' lang='lat' dir='ltr'>Armentarius</span> <span class='ocrx_word' id='word_1_263' title='bbox 347 3256 419 3313; x_wconf 87' lang='lat' dir='ltr'>Afer</span> <span class='ocrx_word' id='word_1_264' title='bbox 438 3253 506 3328; x_wconf 86' lang='lat' dir='ltr'>agit,</span> <span class='ocrx_word' id='word_1_265' title='bbox 528 3256 697 3326; x_wconf 86' lang='lat' dir='ltr'>tectumque</span> <span class='ocrx_word' id='word_1_266' title='bbox 717 3255 867 3327; x_wconf 87' lang='lat' dir='ltr'>laremque</span> 
     </span>
     <span class='ocr_line' id='line_1_41' title="bbox 123 3331 1093 3409; baseline -0.01 -16"><span class='ocrx_word' id='word_1_267' title='bbox 123 3338 275 3409; x_wconf 87' lang='lat' dir='ltr'>Armaque</span> <span class='ocrx_word' id='word_1_268' title='bbox 295 3333 548 3407; x_wconf 90' lang='lat' dir='ltr'>Amyclaeumque</span> <span class='ocrx_word' id='word_1_269' title='bbox 568 3348 674 3387; x_wconf 89' lang='lat' dir='ltr'>canem</span> <span class='ocrx_word' id='word_1_270' title='bbox 694 3331 890 3400; x_wconf 88' lang='lat' dir='ltr'>Cressamque</span> <span class='ocrx_word' id='word_1_271' title='bbox 910 3331 1093 3401; x_wconf 67' lang='lat' dir='ltr'>pharetram</span> 
     </span>
    </p>
   </div>
   <div class='ocr_carea' id='block_1_3' title="bbox 0 0 1263 3702">
    <p class='ocr_par' dir='ltr' id='par_1_28' title="bbox 0 0 1263 3702">
     <span class='ocr_line' id='line_1_42' title="bbox 0 0 1263 3702; baseline 0 0"><span class='ocrx_word' id='word_1_272' title='bbox 0 0 1263 3702; x_wconf 95' lang='lat' dir='ltr'> </span> 
     </span>
    </p>
   </div>
  </div>
 </body>
</html>
