2442 3686
352 113 592 172 AENEIDOS
615 114 701 171 LIB.
727 113 803 169 XII.
1018 131 1075 188 393

75 235 230 296 ‘Sublatis
251 236 362 312 aperire
383 237 459 296 dolis
465 259 474 312 ;
495 237 582 296 simul
603 239 661 297 hoc
681 239 782 298 animo
802 241 905 302 hauri:

75 319 155 375 ‘Me
177 328 277 374 natam
297 317 370 375 nulli
390 328 522 377 veterum
544 319 655 378 sociare
677 339 834 395 procorum

74 399 159 456 ‘Fas
181 408 250 467 erat,
271 396 362 472 idque
383 417 487 456 omnes
508 398 626 474 divique
646 400 841 490 hominesque
862 403 1016 462 canebant

75 477 206 534 ‘Victus
226 496 326 535 amore
348 477 398 550 tui,
421 489 547 568 cognato
569 479 711 568 sanguine
732 479 835 552 victus,

74 556 246 632 ‘Coniugis
267 568 297 615 et
317 567 448 616 maestae
468 557 603 630 lacrimis,
624 559 721 616 vincla
741 560 841 618 omnia
860 560 944 650 rupi:
1038 581 1077 636 30

75 635 283 695 ‘Promissam
304 636 397 712 eripui
418 656 539 713 genero;
560 657 642 696 arma
663 638 754 714 impia
774 639 895 714 sumpsi.

72 718 149 774 ‘Ex
169 715 220 774 illo
241 715 293 792 qui
313 736 361 775 me
382 737 476 788 casus,
498 737 583 808 quae,
606 721 714 789 Turne,
737 731 897 794 sequantur

74 797 193 867 ‘Bella,
215 794 306 867 vides,
328 808 455 872 quantos
476 797 588 872 primus
609 797 719 873 patiare
740 800 864 858 labores.

74 875 152 934 ‘Bis
173 895 280 952 magna
300 876 370 935 victi
389 896 489 952 pugna
509 877 558 935 vix
578 881 650 936 urbe
672 889 789 936 tuemur

75 957 175 1030 ‘Spes
197 958 300 1027 Italas;
321 958 450 1015 recalent
470 968 571 1017 nostro
593 957 732 1016 Tiberina
752 959 863 1016 fluenta
1038 975 1073 1034 35

74 1034 249 1111 ‘Sanguine
269 1036 375 1108 adhuc,
398 1037 555 1112 campique
575 1037 708 1112 ingentes
729 1037 845 1096 ossibus
866 1039 973 1095 albent.

74 1117 172 1189 ‘Quo
193 1117 300 1174 referor
320 1116 445 1175 totiens?
467 1137 543 1192 quae
563 1127 694 1176 mentem
715 1116 829 1175 insania
849 1121 968 1176 mutat?

75 1195 130 1254 ‘Si
151 1197 253 1254 Turno
275 1196 420 1254 exstincto
441 1197 537 1255 socios
559 1217 624 1255 sum
645 1197 759 1256 adscire
780 1208 907 1272 paratus,

74 1276 165 1334 ‘Cur
183 1294 245 1333 non
265 1276 407 1334 incolumi
427 1276 525 1352 potius
546 1277 706 1335 certamina
727 1279 817 1335 tollo?

74 1354 183 1429 ‘Quid
204 1355 415 1430 consanguinei
436 1356 549 1428 Rutuli,
571 1355 643 1431 quid
664 1367 761 1415 cetera
782 1356 861 1414 dicet
1035 1377 1074 1429 40

74 1434 197 1506 ‘Italia
212 1437 251 1494 ad
272 1446 398 1494 mortem
419 1435 443 1494 si
464 1437 593 1495 te-lors
615 1436 694 1494 dicta
714 1439 820 1495 refutet
828 1439 874 1493 l—

75 1515 292 1587 ‘Prodiderim
315 1525 414 1574 natam
437 1525 466 1574 et
484 1515 614 1575 conubia
634 1528 734 1576 nostra
755 1519 929 1591 petentem?

76 1593 230 1670 ‘Respice
251 1615 297 1654 res
318 1597 398 1654 bello
418 1594 527 1669 varias;
547 1595 684 1656 miserere
704 1605 808 1672 parent
809 1595 832 1653 is

76 1675 259 1749 ‘Longaevi
282 1694 371 1750 quem
391 1694 473 1733 nunc
493 1641 639 1734 rriaestum
659 1677 753 1752 patria
772 1676 872 1734 Ardea
891 1676 979 1765 longe

76 1753 233 1813 ‘Dividit'
276 1756 519 1845 Haudquaquam
540 1755 626 1814 dictis
646 1756 785 1815 violentia
805 1755 899 1812 Turni
1033 1773 1069 1832 45

76 1833 241 1907 Flectitur3
262 1846 416 1910 exsuperat
437 1835 538 1925 magis,
560 1836 761 1911 aegrescitque
782 1835 939 1894 medendo

76 1915 123 1973 Ut
144 1914 272 1989 primum
293 1915 345 1972 fari
367 1915 471 1990 potuit,
493 1915 536 1972 sic
555 1915 660 1974 institit
680 1935 750 1974 ore:
783 1972 784 1976 ,

77 1996 199 2068 ‘Quam
220 2015 273 2070 pro
295 2014 343 2053 me
358 2014 457 2052 curam
471 1994 555 2070 geris,
570 1997 648 2053 hanc
668 2014 780 2070 precor,
801 2007 932 2069 optume,
952 2013 1071 2069 prome

78 2076 251 2149 ‘Deponas
274 2076 428 2150 letumque
448 2073 526 2133 sinas
546 2094 600 2150 pro
621 2077 708 2134 laude
729 2074 846 2149 pacisci.

76 2157 139 2212 ‘Et
158 2174 214 2213 nos
235 2157 300 2226 tela,
322 2165 412 2230 pater,
435 2156 601 2230 ferrumque
622 2157 701 2214 haud
724 2155 821 2213 debile
841 2155 944 2213 dextra
1033 2170 1071 2229 50

78 2235 282 2310 ‘Spargimus;
303 2246 333 2293 et
352 2247 454 2293 nostro
475 2235 606 2311 sequitur
626 2237 664 2294 de
684 2236 803 2293 volnere
824 2233 950 2308 sanguis.

78 2317 203 2390 ‘Longe
223 2313 264 2372 illi
285 2315 341 2373 dea
361 2327 454 2373 mater
475 2315 536 2386 erit,
559 2335 636 2390 quae
656 2317 735 2373 nube
756 2316 891 2390 fugacem

79 2395 242 2473 ‘Feminea
262 2405 349 2470 tegat,
372 2406 402 2453 et
422 2394 504 2452 vanis
526 2414 589 2454 sese
611 2397 728 2453 occulat
748 2393 877 2453 umbris!

119 2478 159 2533 At
180 2473 287 2551 regina,
309 2493 387 2533 nova
407 2494 524 2550 pugnae
545 2475 702 2533 conterrita
723 2486 809 2545 sorte,

78 2557 192 2626 Flebat,
215 2566 244 2614 et
265 2555 417 2613 ardentem
438 2573 579 2630 generum
601 2555 740 2613 moritura
760 2557 894 2614 tenebat:
913 2570 918 2576 ·
1033 2569 1067 2628 55

79 2637 208 2706 ‘Tume,
230 2654 282 2710 per
301 2635 355 2692 has
377 2653 432 2724 ego
453 2645 483 2693 te
503 2634 645 2707 lacrimas,
668 2653 721 2710 per
741 2635 765 2692 si
786 2634 851 2710 quis
872 2637 997 2690 Amatae

79 2713 208 2790 ‘Tangit
228 2716 325 2773 honos
345 2713 597 2789 animum—spes
617 2724 649 2773 tu
670 2733 750 2771 nunc
770 2733 837 2785 una,
853 2723 990 2771 senectae

79 2796 147 2851 ‘Tu
168 2794 283 2870 requies
305 2813 442 2866 miserae,
463 2793 583 2852 decus
574 2792 789 2882 imperiumque
810 2791 907 2848 Latini

80 2875 143 2932 ‘Te
164 2893 270 2949 penes;
291 2874 321 2932 111
342 2885 372 2933 te
393 2873 490 2933 omnis
511 2875 618 2932 domus
639 2871 778 2930 inclinata
798 2869 982 2930 recumbit—

80 2955 203 3012 ‘Unum
223 2973 288 3013 oro:
311 2953 420 3012 desiste
440 2973 561 3012 manum
583 2953 766 3012 committere
787 2949 917 3010 Teucris.
1032 2951 1070 3006 60

80 3039 88 3066 ‘
99 3033 190 3108 Quit
191 3054 208 3093 e
229 3053 357 3109 cumque
378 3044 498 3092 manent
519 3033 575 3092 isto
597 3032 755 3092 certamine
776 3050 868 3102 casuS,

80 3117 138 3172 ‘Et
157 3133 214 3187 me,
236 3115 344 3187 Turne,
368 3123 488 3171 manent
494 3135 503 3185 3
524 3114 610 3172 simul
631 3115 705 3172 haec
724 3112 818 3170 invisa
837 3109 1000 3185 relinquam

80 3193 233 3265 ‘Lumina
256 3213 312 3252 nec
332 3213 472 3268 generum
493 3196 617 3252 Aenean
638 3192 753 3268 captiva
774 3193 900 3251 videbo'

79 3273 202 3350 Accepit
222 3292 328 3332 vocem
348 3272 474 3331 lacrimis
496 3273 617 3330 Lavinia
638 3271 737 3330 matris

81 3355 247 3430 Flagrantes
267 3355 385 3429 perlusa
400 3372 503 3429 genas,
526 3353 574 3411 cui
595 3353 737 3429 plurimus
758 3351 856 3429 ignem
1030 3352 1067 3424 65
