2462 3678
388 126 628 185 AENEIDOS
645 128 731 185 LIB.
753 129 809 186 IX.
1031 149 1090 206 339

37 255 51 284 ‘
71 254 137 312 Et
169 263 303 313 statuam
324 265 393 313 ante
414 274 478 314 aras
498 265 599 314 aurata
620 257 715 315 fronte
735 254 892 315 iuvencum

37 338 50 365 ‘
68 334 303 394 Candentem
324 333 489 410 pariterque
510 346 597 410 eaput
618 355 686 394 cum
706 347 799 395 matre
818 337 969 407 ferentem,

40 414 179 473 ‘Iam
202 434 295 473 cornu
315 425 398 490 petat
418 426 448 474 et
469 415 595 491 pedibus
616 415 666 491 qui
687 427 804 491 spargat
824 417 986 475 harenam’

39 493 201 552 Audiit
223 505 251 554 et
272 494 346 554 caeli
367 494 491 554 Genitor
510 496 548 554 de
568 506 652 570 parte
672 515 775 555 serena
1032 498 1090 571 630

41 573 234 634 Intonuit
254 576 378 647 laevum,
402 585 488 634 sonat
508 594 567 633 una
587 574 681 633 fatifer
700 594 802 634 arcus:

44 653 208 732 Effugit
229 656 409 714 horrendum
430 654 555 714 stridens
576 655 705 714 adducta
726 655 832 731 sagitta

49 736 213 810 Perque
234 745 324 811 caput
345 734 465 793 Remuli
484 732 565 794 venit
585 746 614 794 et
635 754 708 793 cava
728 748 860 811 tempora
880 738 955 796 ferro
1042 761 1044 764 ·

47 813 253 890 Transigit
298 817 340 888 Ἰ,
363 813 458 874 verbis
478 813 615 873 virtutem
635 815 736 875 inlude
757 815 903 891 superbis:

55 899 70 926 ‘
86 893 166 953 Bis
188 893 266 970 capti
289 896 416 970 Phryges
436 895 510 954 haec
531 895 648 952 Rutulis
667 914 809 971 responsa
827 895 1008 956 remittunt:’
1029 899 1086 974 ⁶35

58 977 170 1034 Hoc
191 985 305 1033 tantum
326 973 478 1033 Ascanius.
522 974 630 1034 Teucri
651 977 779 1034 clamore
800 987 962 1050 sequuntur

58 1054 282 1130 Laetitiaque
303 1056 429 1114 fremunt
450 1053 624 1129 animosque
645 1056 684 1114 ad
705 1055 801 1114 sidera
821 1057 936 1115 tollunt

63 1134 239 1193 Aetheria
259 1145 322 1194 tum
342 1136 417 1194 forte
437 1136 524 1210 plaga
543 1134 664 1193 crinitus
685 1136 795 1211 Apollo

67 1217 236 1290 Desuper
255 1214 402 1274 Ausonias
421 1212 500 1275 acies
519 1217 680 1290 urbemque
700 1214 829 1288 videbat,

68 1295 188 1354 Nube
209 1295 323 1367 sedenS,
345 1306 434 1370 atque
453 1294 498 1354 his
519 1293 660 1353 victorem
681 1295 795 1352 adfatur
818 1296 929 1356 Iulum:
1027 1299 1086 1368 640

77 1380 90 1406 ‘
106 1377 219 1434 Macte
239 1394 317 1434 nova
337 1375 449 1448 virtute,
473 1393 561 1450 puer:
588 1374 630 1433 sic
649 1373 705 1433 itur
725 1376 764 1434 ad
785 1386 870 1446 astra,

76 1460 90 1488 ‘
109 1453 172 1512 Dis
193 1454 290 1530 genite
311 1465 340 1513 et
360 1455 493 1531 geniture
514 1456 596 1514 deos.
639 1456 707 1515 Iure
727 1456 827 1514 omnia
847 1456 924 1515 bella

81 1535 214 1593 ‘Gente
233 1537 289 1594 sub
311 1534 444 1594 Assaraci
465 1536 525 1593 sato
545 1545 668 1593 ventura
687 1536 823 1609 resident,

84 1615 182 1672 ‘Nec
204 1625 232 1672 te
253 1613 343 1673 Troia
362 1614 458 1690 capit.²
499 1615 592 1674 Simul
612 1617 685 1674 haec
706 1616 810 1674 effatus
830 1617 869 1675 ab
888 1617 950 1675 alto

85 1694 226 1752 Aethere
247 1712 278 1753 se
299 1693 386 1767 misit,
409 1694 553 1771 spirantes
573 1695 704 1755 dimovet
723 1715 806 1754 auras
1027 1699 1084 1772 645

87 1771 319 1849 Ascaniumque
339 1773 421 1850 petit.
456 1775 595 1832 Formam
611 1787 672 1834 tum
688 1775 808 1834 vertitur
822 1776 881 1833 oris

87 1852 259 1928 Antiquom
279 1853 310 1912 in
332 1856 426 1913 Buten
448 1854 508 1931 (hic
529 1854 680 1914 Dardanio
700 1853 849 1914 Anchisae

88 1931 231 2008 Armiger
251 1943 320 1992 ante
340 1932 395 1993 suit
415 1935 549 2010 fidusque
569 1937 608 1994 ad
628 1934 730 1993 limina
750 1945 858 2007 custos,

89 2015 176 2070 Turn
197 2013 336 2072 comitem
356 2014 485 2073 Ascanio
505 2025 588 2090 pater
608 2013 749 2090 addidit):
777 2013 839 2072 ibat
858 2015 967 2089 Apollo

90 2092 209 2152 Omnia
228 2093 373 2169 longaevo
394 2092 503 2165 similis,
524 2113 689 2169 vocemque
709 2094 898 2169 coloremque
1028 2096 1086 2169 650

91 2173 135 2230 Et
158 2172 253 2231 crines
274 2175 357 2233 albos
378 2185 408 2232 et
428 2192 516 2233 saeva
536 2173 692 2234 sonoribus
712 2192 801 2244 arma,

90 2255 196 2326 Atque
216 2252 261 2310 his
282 2253 433 2312 ardentem
455 2252 540 2312 dictis
561 2256 676 2313 adfatur
697 2254 809 2312 Iulum:

94 2330 159 2390 ‘Sit
179 2330 257 2403 satis,
278 2333 403 2405 Aenide,
425 2333 490 2392 telis
510 2332 620 2410 inpune
642 2337 815 2393 Numanum

94 2411 285 2486 ‘Oppetiisse
305 2413 376 2488 tuis;
404 2412 527 2489 primam
549 2416 626 2474 hanc
647 2414 701 2474 tibi
720 2433 844 2490 magnus
865 2415 976 2489 Apollo

95 2491 263 2550 ‘Concedit
283 2493 401 2552 laudem
423 2504 453 2552 et
472 2493 590 2569 paribus
611 2514 671 2552 non
692 2493 803 2554 invidet
824 2494 926 2554 armis:
1028 2496 1084 2571 655

96 2571 222 2630 ‘Cetera
242 2591 338 2648 parce,
360 2591 441 2648 puer,
462 2574 560 2634 bello!
600 2574 648 2633 Sic
668 2593 750 2634 orsus
770 2576 879 2649 Apollo

95 2652 240 2709 Mortales
261 2652 361 2711 medio
382 2664 519 2729 aspectus
539 2672 674 2713 sermone
695 2653 811 2729 reliquit

95 2733 137 2790 Et
157 2732 259 2805 procul
279 2730 310 2789 in
331 2742 450 2791 tenuem
472 2752 508 2792 ex
529 2733 620 2792 oculis
642 2731 759 2791 evanuit
779 2751 887 2790 auram.

98 2809 273 2884 Adgnovere
294 2812 384 2870 deum
405 2831 540 2887 proceres
561 2811 719 2886 divinaque
739 2814 798 2870 tela

96 2888 294 2961 Dardanidae,
316 2892 541 2967 pharetramque
562 2893 628 2968 fuga
650 2910 767 2950 sensere
787 2900 950 2949 sonantem.
1027 2893 1085 2951 660

97 2972 176 3044 Ergo
196 2968 314 3029 avidum
335 2990 451 3047 pugnae
470 2971 556 3030 dictis
577 2990 612 3030 ac
633 2969 753 3030 numine
774 2967 888 3029 Phoebi

99 3047 257 3107 Ascanium
277 3050 451 3125 prohibent;
478 3050 534 3126 ipsi
554 3050 585 3108 in
606 3051 766 3110 certamina
785 3069 882 3108 rursus

99 3129 268 3188 Succedunt
288 3130 460 3206 animasque
481 3131 510 3188 in
531 3141 631 3205 aperta
651 3130 780 3206 pericula
800 3131 926 3191 mittunt

100 3210 129 3267 It
148 3209 259 3266 clamor
279 3209 349 3268 totis
370 3228 422 3285 per
441 3211 662 3285 propugnacula
683 3209 779 3282 muriS,

101 3289 261 3347 Intendunt
281 3309 362 3348 acres
384 3308 467 3348 arcus
487 3300 694 3366 ammentaque
715 3300 859 3366 torquent.
1027 3294 1084 3377 665

101 3367 238 3427 Sternitur
258 3388 346 3428 omne
368 3371 462 3429 solum
483 3368 557 3444 telis,
580 3379 642 3428 tum
663 3379 747 3428 scuta
767 3389 917 3445 cavaeque

895 3501 989 3538 22-2
