2442 3686
143 120 200 181 ³⁵2
392 104 427 162 P.
465 103 658 162 aarum!
677 103 892 164 MARONJS

144 229 375 304 Spumantesque
394 239 470 288 rates
489 227 563 288 arvis
584 227 687 288 inferre
708 226 827 298 Latinis,
1077 245 1132 300 30⁰

145 309 248 366 Donec
269 317 360 366 rostra
381 316 482 367 teuent
503 307 621 378 siccum,
644 317 674 366 et
696 307 797 366 sedere
818 305 936 364 carinae

144 387 256 446 Omnes
276 384 428 445 innocuae.
469 387 527 445 Sed
546 404 607 444 non
627 383 734 461 puppis
754 395 812 456 tua,
833 385 985 442 Tarchon.

144 467 288 540 Namque,
309 463 417 523 inflicta
436 463 526 536 vadis,
548 466 635 523 dorso
655 465 726 522 dum
746 464 856 538 pendet
874 461 993 537 iniquo,

143 544 261 619 Anceps
281 553 440 601 sustentata
460 542 518 614 diu,
540 543 701 618 fluctusque
721 541 828 615 fatigat,

142 621 275 693 Solvitur,
296 631 383 696 atque
403 620 480 680 viros
499 620 603 680 mediis
623 619 742 695 exponit
761 621 791 677 in
811 617 917 690 undis;
1077 634 1128 693 3⁰5

143 699 297 774 Fragmiua
315 719 458 758 remorum
479 718 555 774 quos
575 710 605 758 et
624 699 767 757 fluitantia
786 709 909 756 transtra

143 778 309 852 Inpediunt,
331 777 507 853 retrahitque
526 780 618 853 pedes
638 777 723 836 simul
742 777 821 836 unda
841 777 986 835 relabens.

181 859 246 915 Nec
266 859 397 914 Turnum
419 857 513 930 segnis
533 856 637 915 retinet
657 875 755 928 mora3
779 856 829 914 sed
850 853 926 929 rapit
945 873 1017 912 acer

141 935 248 993 Totam
268 934 361 994 aciem
382 935 412 993 in
432 936 570 1008 Teucros,
592 945 622 994 et
641 946 742 992 contra
762 933 793 992 in
812 933 895 992 litore
917 933 1001 992 sistit

141 1013 229 1088 Signa
247 1025 363 1072 canunt
406 1012 517 1072 Primus
538 1023 645 1072 tunnas
665 1011 770 1070 invasit
789 1022 916 1087 agrestes
1072 1030 1126 1084 31⁰

141 1093 265 1164 Aeneas,
287 1112 374 1151 omen
394 1110 517 1167 pugnae,
539 1090 844 1166 stravitqueLatiuos,

141 1170 249 1229 Occiso
269 1172 413 1243 Therone,
435 1169 527 1228 virum
548 1170 596 1245 qui
616 1169 758 1228 maximus
778 1171 853 1228 ultro

142 1250 260 1307 Aenean
282 1248 372 1324 petit;
396 1247 462 1306 huic
482 1248 579 1324 gladio
599 1267 709 1323 perque
729 1267 814 1307 aerea
836 1258 908 1318 suta,

143 1329 198 1384 Per
219 1327 346 1386 tunicam
367 1329 547 1402 squalentem
567 1345 646 1397 auro,
667 1329 742 1385 latus
761 1327 855 1386 haurit
875 1335 1018 1401 apertum

142 1405 216 1463 Inde
237 1405 345 1462 Lichan
368 1405 439 1474 ferit,
461 1416 608 1464 exsectum
630 1405 688 1462 iam
708 1415 799 1463 matre
819 1415 979 1480 perempta,
1068 1420 1120 1478 ³15

142 1484 179 1540 Et
199 1483 259 1555 tibi,
282 1485 409 1556 Phoebe,
431 1503 552 1555 sacrum,
574 1503 657 1541 casus
678 1485 800 1542 evadere
820 1483 885 1541 ferri

141 1561 230 1634 Quod
249 1559 329 1619 licuit
348 1580 443 1636 parvo.
488 1564 553 1620 Nec
573 1564 668 1636 longe,
691 1561 792 1621 Cissea
812 1562 917 1620 durum

42 1666 44 1670 ·
141 1641 353 1713 Inmanemque
373 1641 466 1714 Gyan,
488 1650 648 1699 sternentes
669 1640 785 1714 agmina
805 1641 894 1711 clava,

140 1717 255 1776 Deiecit
275 1719 351 1777 leto:
375 1717 446 1774 nihil
466 1716 531 1776 illos
553 1718 688 1777 Herculis
709 1737 797 1790 arma,

140 1797 206 1854 Nec
224 1795 338 1854 validae
357 1795 454 1854 iuvere
474 1815 577 1856 manus
596 1796 767 1872 genitorque
789 1798 964 1872 Melampus,
1067 1815 1121 1870 32⁰

139 1874 260 1933 Alcidae
280 1891 379 1932 comes
398 1893 490 1949 usque
510 1893 611 1950 graves
632 1875 701 1933 dum
722 1885 797 1935 terra
816 1877 930 1934 labores

140 1951 284 2012 Praebuit
327 1955 404 2010 Ecce
425 1954 529 2025 Pharo,
551 1972 638 2012 voces
658 1954 728 2011 dum
748 1953 836 2012 iactat
856 1953 971 2026 inertes,

139 2033 315 2106 Intorquens
335 2029 461 2089 iaculum
481 2030 618 2090 clamanti
639 2031 713 2090 sistit
732 2031 763 2090 in
783 2051 840 2091 ore.

138 2110 185 2166 Tu
207 2128 332 2184 quoque,
354 2110 508 2167 flaventem
528 2109 622 2184 prima
640 2109 776 2185 lanugine
796 2111 886 2169 malas

139 2189 220 2245 Dum
240 2187 366 2262 sequeris
388 2187 515 2264 Clytium
535 2187 642 2261 infelix,
665 2207 741 2247 nova
760 2189 873 2263 gaudia,
896 2190 1013 2264 Cydon,
1065 2208 1118 2268 325

139 2265 289 2324 Dardania
308 2276 412 2325 stratus
432 2267 541 2337 dextra,
563 2285 680 2326 securus
701 2285 841 2339 amorum,

138 2344 197 2416 Qui
217 2343 353 2402 iuvenum
375 2343 427 2402 tibi
447 2363 562 2420 semper
582 2355 670 2415 erant,
692 2346 862 2417 miserande,
884 2343 1002 2418 iaceres,

138 2421 178 2480 Ni
197 2422 314 2480 fratrum
334 2421 440 2497 stipata
459 2424 563 2482 cohors
583 2425 657 2482 soret
679 2423 772 2493 obvia,
795 2424 900 2484 Phorci

138 2499 454 2575 Progenies-septem
474 2520 605 2573 numero,
627 2513 804 2578 septenaque
825 2505 883 2561 tela

138 2577 322 2639 Coniiciunt:
345 2577 449 2653 partim
468 2581 552 2654 galea
571 2580 724 2655 clipeoque
744 2581 882 2639 resultant
1064 2601 1119 2657 330

137 2657 236 2729 Inrita,
258 2657 375 2716 deflexit
395 2657 499 2731 partim
519 2657 688 2733 stringentia
707 2677 812 2733 corpus

136 2739 223 2794 Alma
242 2737 350 2794 Venus.
392 2735 498 2795 Fidum
517 2739 634 2794 Aeneas
654 2737 768 2796 adfatur
787 2738 940 2797 Achaten:

138 2817 279 2889 ‘Suggere
299 2815 357 2872 tela
378 2813 464 2886 mihi;
488 2833 549 2873 non
570 2815 660 2873 ullum
681 2816 799 2874 dextera
819 2818 922 2874 frustra

136 2891 281 2950 ‘Torserit
301 2891 331 2949 in
353 2893 487 2963 Rutulos,
509 2903 651 2951 steterunt
670 2912 745 2968 quae
765 2893 796 2953 in
816 2913 937 2968 corpore
958 2893 1079 2954 Graium

136 2969 250 3028 ‘Iliacis
271 2969 398 3044 campis!
438 2972 516 3028 Tum
537 2989 672 3045 magnam
692 2971 810 3048 corripit
828 2973 951 3043 hastam,
1062 2991 1115 3050 335

136 3050 175 3104 Et
194 3047 280 3104 iacit:
303 3049 353 3104 illa
372 3049 473 3104 volans
493 3047 580 3122 clipei
599 3052 811 3109 transverberat
830 3069 897 3108 aera

136 3121 279 3190 Maeonis,
301 3132 330 3179 et
350 3123 469 3180 thoraca
490 3124 574 3182 simul
594 3143 662 3183 cum
682 3137 802 3200 pectore
821 3128 935 3203 rumpit.

136 3195 217 3250 Huic
236 3197 321 3251 frater
340 3197 417 3253 subit
437 3201 572 3271 Alcanor,
594 3203 769 3277 fratremque
789 3217 921 3264 ruentem

134 3272 281 3328 Sustentat
301 3273 418 3330 dextra:
444 3275 564 3336 traiecto
583 3279 672 3338 missa
691 3281 800 3342 lacerto
