2468 3692
169 123 228 200 386
416 119 453 178 P.
487 121 676 180 VERGILI
696 119 908 180 MARONIS

171 249 279 325 Incipit
298 251 388 308 haec:
416 247 511 322 ‘Quid
532 245 765 320 tamegregium,
787 243 810 302 si
830 245 1026 304 feminaforti
1087 261 1136 321 705

170 328 269 387 ‘Fidis
289 329 387 402 equo?
413 325 526 384 dimitte
545 326 650 398 fugam,
672 333 701 382 et
721 332 750 380 te
770 322 931 382 comminus
951 343 1048 398 aequo

172 409 309 466 ‘Mecum
329 405 415 464 crede
435 405 507 473 solo,
528 419 701 478 pugnaeque
720 399 839 474 accinge
859 401 986 474 pedestri
995 423 1004 474 ;

172 487 253 544 ‘Iam
273 502 386 552 nosces,
406 492 529 540 ventosa
548 482 619 538 ferat
639 479 685 537 cui
705 478 795 552 gloria
814 481 961 538 fraudem'

172 563 270 620 Dixit:
296 572 327 620 at
346 562 396 618 illa
414 561 518 630 furens,
539 558 654 632 acrique
675 575 798 615 accensa
819 557 927 633 dolore,

170 640 271 700 Tradit
290 659 397 714 equum
417 638 525 708 comiti,
546 637 718 712 paribusque
739 635 844 694 resistit
864 636 894 693 in
913 636 1009 709 armis,
1086 657 1139 712 710

172 721 249 778 Ense
270 719 359 794 pedes
380 718 468 787 nudo,
489 734 616 790 puraque
637 714 764 772 interrita
783 733 891 789 parma

170 800 210 855 At
229 796 348 866 iuvenis,
370 794 472 854 vicisse
493 796 563 854 dolo
582 804 668 861 ratus,
690 792 786 850 avolat
806 791 876 867 ipse,

172 876 261 934 Haud
282 893 370 945 mora,
391 873 595 947 conversisque
615 873 701 946 fugax
720 872 845 929 aufertur
864 870 993 942 habenis,

171 954 455 1028 Quadrupedemque
476 951 565 1009 citum
585 951 688 1008 ferrata
708 950 787 1007 calce
807 949 913 1023 fatigat.

171 1034 271 1090 ‘Vane
292 1031 388 1104 Ligus,
407 1031 567 1103 frustraque
587 1027 690 1084 animis
710 1029 785 1085 elate
805 1027 943 1102 superbis,
1085 1047 1138 1106 715

172 1108 373 1184 ‘Nequiquam
393 1108 500 1182 patrias
520 1105 636 1165 tentasti
656 1105 782 1164 lubricus
802 1116 896 1178 artes3
1213 1107 1214 1126 ¹

172 1189 253 1245 ‘Nec
273 1189 348 1245 fraus
368 1197 397 1244 te
417 1185 592 1243 incolumem
612 1185 706 1241 fallaci
727 1185 849 1257 perferet
869 1187 975 1244 Auno!

171 1267 256 1323 Haec
276 1267 350 1323 fatur
369 1264 457 1338 virg0,
479 1274 509 1322 et
529 1261 694 1338 pernicibus
714 1260 797 1335 ignea
817 1262 923 1335 plantis

170 1342 286 1401 Transit
306 1361 413 1418 equum
434 1361 526 1411 eursu,
548 1340 692 1415 frenisque
712 1341 832 1398 adversa
852 1341 1001 1414 prehensis

170 1421 362 1495 Congreditur
381 1438 549 1495 poenasque
569 1418 686 1477 inimico
707 1438 742 1476 ex
762 1418 900 1493 sanguine
920 1420 1016 1479 sumit.
1084 1440 1138 1496 7²0

171 1499 266 1572 Quam
287 1498 371 1557 facile
391 1498 528 1574 accipiter
548 1516 618 1556 saxo
638 1515 718 1555 sacer
738 1498 797 1554 ales
817 1499 855 1555 ab
875 1499 934 1556 alto

171 1577 366 1651 Consequitur
385 1577 489 1650 pennis
509 1576 661 1635 sublimem
681 1574 711 1632 in
731 1577 808 1633 nube
829 1577 1002 1647 columbam,

171 1656 428 1729 Conprensamque
449 1665 536 1724 tenet,
558 1653 738 1728 pedibusque
758 1653 896 1712 eviscerat
916 1654 1017 1728 uncis;

170 1734 247 1790 Turn
266 1752 351 1792 cruor
370 1744 400 1791 et
419 1735 518 1792 volsae
537 1735 673 1791 labuntur
692 1733 729 1790 ab
750 1733 865 1791 aethere
884 1735 1008 1806 plumae.
1213 1795 1214 1800 ,

208 1814 248 1869 At
268 1831 328 1870 non
348 1813 421 1869 haec
441 1812 527 1870 nullis
547 1810 697 1868 hominum
719 1821 797 1869 sator
816 1822 904 1886 atque
925 1813 1045 1870 deorum
1082 1830 1138 1888 7²5

170 1891 335 1948 Observans
355 1890 447 1948 oculis
467 1908 581 1948 summo
602 1889 684 1947 sedet
704 1890 778 1947 altus
799 1891 932 1964 Olympo.

169 1970 350 2042 Tyrrhenum
369 1967 482 2042 genitor
502 1969 686 2025 Tarchonem
707 1968 737 2024 in
758 1967 867 2041 proelia
887 1987 973 2026 saeva

168 2045 299 2118 Suscitat,
320 2058 349 2104 et
369 2046 490 2105 stimulis
510 2047 588 2104 haud
608 2045 743 2103 mollibus
763 2043 842 2102 inicit
873 2045 936 2104 iras

169 2125 247 2197 Ergo
266 2123 340 2182 inter
359 2125 463 2183 caedes
484 2123 676 2198 cedentiaque
696 2123 811 2198 agmina
830 2125 965 2184 Tarchon
1213 2181 1214 2192 ,

168 2201 269 2259 Fertur
289 2222 373 2277 equ0,
394 2203 537 2277 variisque
557 2201 674 2276 instigat
694 2202 813 2261 vocibus
832 2203 902 2274 alas,
1081 2220 1139 2279 730

169 2279 297 2338 Nomine
316 2300 462 2356 quemque
482 2299 599 2352 vocans,
620 2279 769 2354 reficitque
789 2279 819 2337 in
839 2281 949 2356 proelia
968 2283 1073 2357 pulsos.

169 2357 258 2430 ‘Quis
279 2369 381 2430 metus,
403 2379 421 2417 ο
442 2378 592 2433 nunquam
613 2359 736 2428 dolituri,
758 2377 777 2416 o
797 2378 911 2433 semper
930 2361 1035 2420 inertes

170 2435 335 2512 ‘Tyrrheni
356 2456 431 2511 quae
452 2447 533 2495 tanta
552 2437 657 2495 animis
676 2437 790 2511 ignavia
809 2438 910 2496 venit?

168 2512 306 2571 ‘Femina
325 2517 456 2590 palantes
476 2515 543 2590 agit,
564 2526 651 2590 atque
672 2517 745 2574 haec
765 2515 881 2590 agmina
900 2514 1006 2576 vertit?

167 2591 256 2663 ‘Quo
269 2593 382 2662 sermm,
397 2593 503 2667 quidve
516 2595 589 2652 haec
602 2593 726 2668 gerimus
741 2596 798 2652 tela
810 2593 895 2652 inrita
907 2594 1035 2654 dextris?
1080 2613 1134 2674 735
1211 2597 1214 2606 ⁴

167 2671 225 2726 ‘At
245 2669 355 2727 nonin
375 2673 520 2730 Venerem
541 2691 652 2746 segnes,
674 2683 874 2747 nocturnaque
894 2674 980 2746 bella,

166 2748 252 2818 ‘Aut,
273 2747 323 2805 ubi
344 2767 431 2806 curva
451 2751 555 2808 choros
574 2749 678 2810 indixit
697 2750 768 2809 tibia
786 2750 901 2823 Bacchi,

166 2826 361 2898 ‘Exspectare
381 2827 480 2901 dapes,
501 2839 531 2886 et
550 2829 655 2902 plenae
674 2830 782 2902 pocula
801 2848 959 2888 mensae-

166 2902 246 2958 ‘Hic
265 2921 354 2974 amor,
375 2905 433 2962 hoc
453 2905 689 2964 studium—dum
711 2926 792 2964 sacra
811 2909 954 2966 secundus
974 2909 1119 2984 haruspex

164 2979 313 3049 ‘Nuntien
336 2999 370 3036 ac
389 2982 472 3040 lucos
491 2994 578 3041 vocet
598 2984 694 3042 hostia
714 2985 827 3060 pinguis
847 2985 878 3043 in
898 2988 989 3046 altos’
1079 3002 1136 3060 740

164 3053 255 3136 Ηο001
270 3055 379 3126 effatus,
402 3075 509 3130 equum
529 3060 559 3116 in
579 3060 693 3118 medios
714 3065 866 3122 moriturus
886 3064 999 3138 etipse

163 3126 309 3196 Concrtat,
331 3139 360 3185 et
380 3133 496 3192 Venulo
516 3136 668 3194 adversum
689 3157 721 3196 se
741 3139 871 3199 turbidus
891 3140 983 3214 infert,

163 3200 383 3285 Dereptumque
402 3209 441 3262 ab
462 3228 538 3282 equo
558 3213 659 3270 dextra
679 3218 874 3290 conplectitur
892 3220 1018 3294 hostem,

163 3273 201 3327 Et
220 3290 360 3344 gremium
381 3291 448 3339 ante
469 3303 552 3343 suurn
572 3292 665 3348 multa
684 3293 712 3350 vi
733 3296 866 3356 concitus
885 3300 986 3357 aufert
