<?xml version="1.0" encoding="UTF-8"?>
<!DOCTYPE html PUBLIC "-//W3C//DTD XHTML 1.0 Transitional//EN"
    "http://www.w3.org/TR/xhtml1/DTD/xhtml1-transitional.dtd">
<html xmlns="http://www.w3.org/1999/xhtml" xml:lang="en" lang="en">
 <head>
  <title>
</title>
<meta http-equiv="Content-Type" content="text/html;charset=utf-8" />
  <meta name='ocr-system' content='tesseract 3.04.00' />
  <meta name='ocr-capabilities' content='ocr_page ocr_carea ocr_par ocr_line ocrx_word'/>
</head>
<body>
  <div class='ocr_page' id='page_1' title='image "./pvergilimaronis13virggoog/pvergilimaronis13virggoog_0403.png"; bbox 0 0 2468 3692; ppageno 0'>
   <div class='ocr_carea' id='block_1_1' title="bbox 143 102 889 179">
    <p class='ocr_par' dir='ltr' id='par_1_1' title="bbox 143 102 889 179">
     <span class='ocr_line' id='line_1_1' title="bbox 143 102 889 179; baseline -0.021 -2"><span class='ocrx_word' id='word_1_1' title='bbox 143 121 202 179; x_wconf 83' lang='lat'><strong>³94</strong></span> <span class='ocrx_word' id='word_1_2' title='bbox 396 105 432 163; x_wconf 85' lang='lat' dir='ltr'><strong>P.</strong></span> <span class='ocrx_word' id='word_1_3' title='bbox 467 102 658 162; x_wconf 85' lang='lat' dir='ltr'><em>VERGILI</em></span> <span class='ocrx_word' id='word_1_4' title='bbox 677 103 889 162; x_wconf 86' lang='lat' dir='ltr'><em>MARONIS</em></span> 
     </span>
    </p>
   </div>
   <div class='ocr_carea' id='block_1_2' title="bbox 147 225 1220 1424">
    <p class='ocr_par' dir='ltr' id='par_1_2' title="bbox 147 225 907 307">
     <span class='ocr_line' id='line_1_2' title="bbox 147 225 907 307; baseline -0.001 -19"><span class='ocrx_word' id='word_1_5' title='bbox 147 227 278 288; x_wconf 84' lang='lat' dir='ltr'><strong>Subiecit</strong></span> <span class='ocrx_word' id='word_1_6' title='bbox 297 230 395 303; x_wconf 91' lang='lat' dir='ltr'><strong>rubor,</strong></span> <span class='ocrx_word' id='word_1_7' title='bbox 417 241 447 290; x_wconf 88' lang='lat' dir='ltr'><strong>et</strong></span> <span class='ocrx_word' id='word_1_8' title='bbox 466 233 608 291; x_wconf 82' lang='lat' dir='ltr'><strong>calefacta</strong></span> <span class='ocrx_word' id='word_1_9' title='bbox 628 248 752 307; x_wconf 88' lang='lat' dir='ltr'><strong>perora</strong></span> <span class='ocrx_word' id='word_1_10' title='bbox 772 225 907 288; x_wconf 81' lang='lat' dir='ltr'><strong>cucurrit</strong></span> 
     </span>
    </p>

    <p class='ocr_par' dir='ltr' id='par_1_3' title="bbox 148 307 869 385">
     <span class='ocr_line' id='line_1_3' title="bbox 148 307 869 385; baseline 0.003 -19"><span class='ocrx_word' id='word_1_11' title='bbox 148 308 258 366; x_wconf 91' lang='lat' dir='ltr'><strong>Indum</strong></span> <span class='ocrx_word' id='word_1_12' title='bbox 279 312 441 385; x_wconf 86' lang='lat' dir='ltr'><strong>sanguineo</strong></span> <span class='ocrx_word' id='word_1_13' title='bbox 460 312 553 372; x_wconf 91' lang='lat' dir='ltr'><strong>veluti</strong></span> <span class='ocrx_word' id='word_1_14' title='bbox 573 309 725 371; x_wconf 88' lang='lat' dir='ltr'><strong>violaverit</strong></span> <span class='ocrx_word' id='word_1_15' title='bbox 745 320 826 368; x_wconf 89' lang='lat' dir='ltr'><strong>ostro</strong></span> <span class='ocrx_word' id='word_1_16' title='bbox 866 307 869 311; x_wconf 77' lang='grc'><strong>’</strong></span> 
     </span>
    </p>

    <p class='ocr_par' dir='ltr' id='par_1_4' title="bbox 147 387 945 464">
     <span class='ocr_line' id='line_1_4' title="bbox 147 387 945 464; baseline 0.003 -18"><span class='ocrx_word' id='word_1_17' title='bbox 147 387 177 446; x_wconf 93' lang='lat' dir='ltr'><strong>Si</strong></span> <span class='ocrx_word' id='word_1_18' title='bbox 198 387 264 464; x_wconf 90' lang='lat' dir='ltr'><strong>quis</strong></span> <span class='ocrx_word' id='word_1_19' title='bbox 285 391 366 462; x_wconf 90' lang='lat' dir='ltr'><strong>ebur,</strong></span> <span class='ocrx_word' id='word_1_20' title='bbox 388 401 439 448; x_wconf 91' lang='lat' dir='ltr'><strong>aut</strong></span> <span class='ocrx_word' id='word_1_21' title='bbox 459 391 551 450; x_wconf 89' lang='lat' dir='ltr'><strong>mixta</strong></span> <span class='ocrx_word' id='word_1_22' title='bbox 570 393 677 450; x_wconf 88' lang='lat' dir='ltr'><strong>rubent</strong></span> <span class='ocrx_word' id='word_1_23' title='bbox 698 389 749 448; x_wconf 94' lang='lat' dir='ltr'><strong>ubi</strong></span> <span class='ocrx_word' id='word_1_24' title='bbox 769 388 831 446; x_wconf 88' lang='lat' dir='ltr'><strong>lilia</strong></span> <span class='ocrx_word' id='word_1_25' title='bbox 851 389 945 448; x_wconf 85' lang='lat' dir='ltr'><strong>multa</strong></span> 
     </span>
    </p>

    <p class='ocr_par' dir='ltr' id='par_1_5' title="bbox 147 469 848 547">
     <span class='ocr_line' id='line_1_5' title="bbox 147 469 848 547; baseline 0.004 -22"><span class='ocrx_word' id='word_1_26' title='bbox 147 469 226 526; x_wconf 89' lang='lat' dir='ltr'><strong>Alba</strong></span> <span class='ocrx_word' id='word_1_27' title='bbox 246 487 326 528; x_wconf 90' lang='lat' dir='ltr'><strong>rosa:</strong></span> <span class='ocrx_word' id='word_1_28' title='bbox 347 472 421 528; x_wconf 90' lang='lat' dir='ltr'><strong>tales</strong></span> <span class='ocrx_word' id='word_1_29' title='bbox 440 471 521 547; x_wconf 87' lang='lat' dir='ltr'><strong>virgo</strong></span> <span class='ocrx_word' id='word_1_30' title='bbox 543 472 633 539; x_wconf 84' lang='lat' dir='ltr'><strong>dabat</strong></span> <span class='ocrx_word' id='word_1_31' title='bbox 653 490 704 529; x_wconf 93' lang='lat' dir='ltr'><strong>ore</strong></span> <span class='ocrx_word' id='word_1_32' title='bbox 726 471 848 528; x_wconf 90' lang='lat' dir='ltr'><strong>colores.</strong></span> 
     </span>
    </p>

    <p class='ocr_par' dir='ltr' id='par_1_6' title="bbox 148 548 1145 707">
     <span class='ocr_line' id='line_1_6' title="bbox 149 548 1145 628; baseline -0.001 -23"><span class='ocrx_word' id='word_1_33' title='bbox 149 549 237 606; x_wconf 92' lang='lat' dir='ltr'><strong>Illum</strong></span> <span class='ocrx_word' id='word_1_34' title='bbox 256 551 357 621; x_wconf 41' lang='lat' dir='ltr'><strong>‚turbat</strong></span> <span class='ocrx_word' id='word_1_35' title='bbox 377 569 469 622; x_wconf 91' lang='lat' dir='ltr'><strong>amor,</strong></span> <span class='ocrx_word' id='word_1_36' title='bbox 490 551 612 628; x_wconf 89' lang='lat' dir='ltr'><strong>figitque</strong></span> <span class='ocrx_word' id='word_1_37' title='bbox 633 549 664 608; x_wconf 91' lang='lat' dir='ltr'><strong>in</strong></span> <span class='ocrx_word' id='word_1_38' title='bbox 684 548 795 625; x_wconf 89' lang='lat' dir='ltr'><strong>virgine</strong></span> <span class='ocrx_word' id='word_1_39' title='bbox 816 549 921 608; x_wconf 91' lang='lat' dir='ltr'><strong>voltus.</strong></span> <span class='ocrx_word' id='word_1_40' title='bbox 1110 561 1145 622; x_wconf 81' lang='lat'><strong>70</strong></span> 
     </span>
     <span class='ocr_line' id='line_1_7' title="bbox 148 627 1011 707; baseline 0.003 -22"><span class='ocrx_word' id='word_1_41' title='bbox 148 628 241 686; x_wconf 88' lang='lat' dir='ltr'><strong>Ardet</strong></span> <span class='ocrx_word' id='word_1_42' title='bbox 261 627 292 686; x_wconf 91' lang='lat' dir='ltr'><strong>in</strong></span> <span class='ocrx_word' id='word_1_43' title='bbox 312 648 394 688; x_wconf 88' lang='lat' dir='ltr'><strong>anna</strong></span> <span class='ocrx_word' id='word_1_44' title='bbox 414 632 515 706; x_wconf 87' lang='lat' dir='ltr'><strong>magis,</strong></span> <span class='ocrx_word' id='word_1_45' title='bbox 535 632 697 707; x_wconf 87' lang='lat' dir='ltr'>paucisque</span> <span class='ocrx_word' id='word_1_46' title='bbox 718 631 834 688; x_wconf 77' lang='lat' dir='ltr'>adfatur</span> <span class='ocrx_word' id='word_1_47' title='bbox 853 631 1011 688; x_wconf 86' lang='lat' dir='ltr'><strong>Amatam:</strong></span> 
     </span>
    </p>

    <p class='ocr_par' dir='ltr' id='par_1_7' title="bbox 150 708 979 783">
     <span class='ocr_line' id='line_1_8' title="bbox 150 708 979 783; baseline 0 -17"><span class='ocrx_word' id='word_1_48' title='bbox 150 709 226 779; x_wconf 90' lang='lat' dir='ltr'><strong>‘Ne,</strong></span> <span class='ocrx_word' id='word_1_49' title='bbox 248 727 368 783; x_wconf 89' lang='lat' dir='ltr'><strong>quaeso,</strong></span> <span class='ocrx_word' id='word_1_50' title='bbox 390 729 428 768; x_wconf 92' lang='lat' dir='ltr'><strong>ne</strong></span> <span class='ocrx_word' id='word_1_51' title='bbox 450 730 498 770; x_wconf 89' lang='lat' dir='ltr'><strong>me</strong></span> <span class='ocrx_word' id='word_1_52' title='bbox 519 711 654 781; x_wconf 68' lang='lat' dir='ltr'><strong>lacrimis</strong></span> <span class='ocrx_word' id='word_1_53' title='bbox 676 728 751 768; x_wconf 91' lang='lat' dir='ltr'><strong>neve</strong></span> <span class='ocrx_word' id='word_1_54' title='bbox 773 708 873 767; x_wconf 92' lang='lat' dir='ltr'><strong>omine</strong></span> <span class='ocrx_word' id='word_1_55' title='bbox 895 720 979 767; x_wconf 91' lang='lat' dir='ltr'><strong>tanto</strong></span> 
     </span>
    </p>

    <p class='ocr_par' dir='ltr' id='par_1_8' title="bbox 150 788 950 864">
     <span class='ocr_line' id='line_1_9' title="bbox 150 788 950 864; baseline 0.001 -19"><span class='ocrx_word' id='word_1_56' title='bbox 150 789 351 864; x_wconf 89' lang='lat' dir='ltr'><strong>‘Prosequere</strong></span> <span class='ocrx_word' id='word_1_57' title='bbox 372 789 404 847; x_wconf 93' lang='lat' dir='ltr'><strong>in</strong></span> <span class='ocrx_word' id='word_1_58' title='bbox 424 791 490 850; x_wconf 90' lang='lat' dir='ltr'><strong>duri</strong></span> <span class='ocrx_word' id='word_1_59' title='bbox 511 791 671 850; x_wconf 88' lang='lat' dir='ltr'><strong>certamina</strong></span> <span class='ocrx_word' id='word_1_60' title='bbox 692 788 798 848; x_wconf 86' lang='lat' dir='ltr'><strong>Martis</strong></span> <span class='ocrx_word' id='word_1_61' title='bbox 819 799 950 858; x_wconf 89' lang='lat' dir='ltr'><strong>euntem,</strong></span> 
     </span>
    </p>

    <p class='ocr_par' dir='ltr' id='par_1_9' title="bbox 151 867 1017 945">
     <span class='ocr_line' id='line_1_10' title="bbox 151 867 1017 945; baseline -0.001 -18"><span class='ocrx_word' id='word_1_62' title='bbox 151 869 197 927; x_wconf 95' lang='lat' dir='ltr'><strong>‘O</strong></span> <span class='ocrx_word' id='word_1_63' title='bbox 219 878 312 926; x_wconf 88' lang='lat' dir='ltr'><strong>mater</strong></span> <span class='ocrx_word' id='word_1_64' title='bbox 319 890 327 940; x_wconf 89' lang='lat'>;</span> <span class='ocrx_word' id='word_1_65' title='bbox 345 883 444 945; x_wconf 91' lang='lat' dir='ltr'><strong>neque</strong></span> <span class='ocrx_word' id='word_1_66' title='bbox 466 870 545 929; x_wconf 93' lang='lat' dir='ltr'><strong>enim</strong></span> <span class='ocrx_word' id='word_1_67' title='bbox 566 873 669 928; x_wconf 89' lang='lat' dir='ltr'><strong>Turno</strong></span> <span class='ocrx_word' id='word_1_68' title='bbox 690 887 773 928; x_wconf 89' lang='lat' dir='ltr'><strong>mora</strong></span> <span class='ocrx_word' id='word_1_69' title='bbox 793 867 885 926; x_wconf 90' lang='lat' dir='ltr'><strong>libera</strong></span> <span class='ocrx_word' id='word_1_70' title='bbox 905 867 1017 927; x_wconf 90' lang='lat' dir='ltr'><strong>mortis.</strong></span> 
     </span>
    </p>

    <p class='ocr_par' dir='ltr' id='par_1_10' title="bbox 150 947 1220 1345">
     <span class='ocr_line' id='line_1_11' title="bbox 150 947 1145 1026; baseline 0.003 -22"><span class='ocrx_word' id='word_1_71' title='bbox 150 947 297 1006; x_wconf 89' lang='lat' dir='ltr'><strong>‘Nuntius</strong></span> <span class='ocrx_word' id='word_1_72' title='bbox 318 950 399 1020; x_wconf 86' lang='lat' dir='ltr'><strong>haec,</strong></span> <span class='ocrx_word' id='word_1_73' title='bbox 422 952 539 1023; x_wconf 88' lang='lat' dir='ltr'><strong>Idmon,</strong></span> <span class='ocrx_word' id='word_1_74' title='bbox 564 949 690 1026; x_wconf 91' lang='lat' dir='ltr'><strong>Phrygio</strong></span> <span class='ocrx_word' id='word_1_75' title='bbox 711 968 778 1006; x_wconf 89' lang='lat' dir='ltr'><strong>mea</strong></span> <span class='ocrx_word' id='word_1_76' title='bbox 799 947 879 1006; x_wconf 91' lang='lat' dir='ltr'><strong>dicta</strong></span> <span class='ocrx_word' id='word_1_77' title='bbox 899 961 1027 1024; x_wconf 87' lang='lat' dir='ltr'><strong>tyranno</strong></span> <span class='ocrx_word' id='word_1_78' title='bbox 1111 965 1145 1024; x_wconf 82' lang='lat'><strong>75</strong></span> 
     </span>
     <span class='ocr_line' id='line_1_12' title="bbox 151 1027 1220 1105; baseline 0.002 -21"><span class='ocrx_word' id='word_1_79' title='bbox 151 1028 263 1085; x_wconf 83' lang='lat' dir='ltr'><strong>‘Haud</strong></span> <span class='ocrx_word' id='word_1_80' title='bbox 283 1029 425 1104; x_wconf 87' lang='lat' dir='ltr'><strong>placitura</strong></span> <span class='ocrx_word' id='word_1_81' title='bbox 445 1033 532 1089; x_wconf 87' lang='lat' dir='ltr'><strong>refer:</strong></span> <span class='ocrx_word' id='word_1_82' title='bbox 555 1033 633 1090; x_wconf 91' lang='lat' dir='ltr'><strong>Cum</strong></span> <span class='ocrx_word' id='word_1_83' title='bbox 653 1027 781 1105; x_wconf 87' lang='lat' dir='ltr'><strong>primum</strong></span> <span class='ocrx_word' id='word_1_84' title='bbox 802 1027 930 1087; x_wconf 87' lang='lat' dir='ltr'><strong>crastina</strong></span> <span class='ocrx_word' id='word_1_85' title='bbox 949 1030 1035 1087; x_wconf 86' lang='lat' dir='ltr'><strong>caelo</strong></span> <span class='ocrx_word' id='word_1_86' title='bbox 1219 1027 1220 1038; x_wconf 54' lang='lat'>¹</span> 
     </span>
     <span class='ocr_line' id='line_1_13' title="bbox 151 1107 1220 1179; baseline 0.002 -15"><span class='ocrx_word' id='word_1_87' title='bbox 151 1107 306 1166; x_wconf 90' lang='lat' dir='ltr'><strong>‘Puniceis</strong></span> <span class='ocrx_word' id='word_1_88' title='bbox 328 1109 442 1172; x_wconf 89' lang='lat' dir='ltr'><strong>invecta</strong></span> <span class='ocrx_word' id='word_1_89' title='bbox 463 1110 534 1170; x_wconf 91' lang='lat' dir='ltr'><strong>rotis</strong></span> <span class='ocrx_word' id='word_1_90' title='bbox 554 1114 669 1169; x_wconf 90' lang='lat' dir='ltr'><strong>Aurora</strong></span> <span class='ocrx_word' id='word_1_91' title='bbox 688 1107 813 1179; x_wconf 83' lang='lat' dir='ltr'><strong>rubebit,</strong></span> <span class='ocrx_word' id='word_1_92' title='bbox 1219 1149 1220 1154; x_wconf 19' lang='grc' dir='ltr'><strong>κ</strong></span> 
     </span>
     <span class='ocr_line' id='line_1_14' title="bbox 151 1187 1220 1266; baseline 0.003 -21"><span class='ocrx_word' id='word_1_93' title='bbox 151 1189 242 1246; x_wconf 93' lang='lat' dir='ltr'><strong>‘Non</strong></span> <span class='ocrx_word' id='word_1_94' title='bbox 262 1190 400 1248; x_wconf 82' lang='lat' dir='ltr'><strong>Teucros·</strong></span> <span class='ocrx_word' id='word_1_95' title='bbox 414 1201 481 1266; x_wconf 91' lang='lat' dir='ltr'><strong>agat</strong></span> <span class='ocrx_word' id='word_1_96' title='bbox 498 1191 528 1248; x_wconf 94' lang='lat' dir='ltr'><strong>in</strong></span> <span class='ocrx_word' id='word_1_97' title='bbox 550 1191 695 1261; x_wconf 90' lang='lat' dir='ltr'><strong>Rutulos;</strong></span> <span class='ocrx_word' id='word_1_98' title='bbox 717 1191 867 1247; x_wconf 86' lang='lat' dir='ltr'><strong>Teucrum</strong></span> <span class='ocrx_word' id='word_1_99' title='bbox 883 1207 966 1248; x_wconf 90' lang='lat' dir='ltr'><strong>arma</strong></span> <span class='ocrx_word' id='word_1_100' title='bbox 982 1187 1145 1264; x_wconf 91' lang='lat' dir='ltr'><strong>quiescant,</strong></span> <span class='ocrx_word' id='word_1_101' title='bbox 1219 1219 1220 1222; x_wconf 37' lang='lat'>¹</span> 
     </span>
     <span class='ocr_line' id='line_1_15' title="bbox 151 1267 966 1345; baseline 0.001 -20"><span class='ocrx_word' id='word_1_102' title='bbox 151 1267 210 1326; x_wconf 91' lang='lat' dir='ltr'><strong>‘Et</strong></span> <span class='ocrx_word' id='word_1_103' title='bbox 223 1268 340 1327; x_wconf 92' lang='lat' dir='ltr'><strong>Rutuli:</strong></span> <span class='ocrx_word' id='word_1_104' title='bbox 362 1280 463 1329; x_wconf 86' lang='lat' dir='ltr'><strong>nostro</strong></span> <span class='ocrx_word' id='word_1_105' title='bbox 483 1269 654 1329; x_wconf 83' lang='lat' dir='ltr'><strong>dirimamus</strong></span> <span class='ocrx_word' id='word_1_106' title='bbox 675 1267 817 1345; x_wconf 88' lang='lat' dir='ltr'><strong>sanguine</strong></span> <span class='ocrx_word' id='word_1_107' title='bbox 838 1269 948 1328; x_wconf 91' lang='lat' dir='ltr'><strong>bellum</strong></span> <span class='ocrx_word' id='word_1_108' title='bbox 957 1289 966 1341; x_wconf 80' lang='lat'>3</span> 
     </span>
    </p>

    <p class='ocr_par' dir='ltr' id='par_1_11' title="bbox 151 1345 1145 1424">
     <span class='ocr_line' id='line_1_16' title="bbox 151 1345 1145 1424; baseline 0 -19"><span class='ocrx_word' id='word_1_109' title='bbox 151 1349 228 1406; x_wconf 94' lang='lat' dir='ltr'><strong>‘Illo</strong></span> <span class='ocrx_word' id='word_1_110' title='bbox 248 1360 403 1424; x_wconf 87' lang='lat' dir='ltr'><strong>quaeratur</strong></span> <span class='ocrx_word' id='word_1_111' title='bbox 424 1349 552 1409; x_wconf 90' lang='lat' dir='ltr'><strong>coniunx</strong></span> <span class='ocrx_word' id='word_1_112' title='bbox 574 1349 696 1408; x_wconf 84' lang='lat' dir='ltr'><strong>Lavinia</strong></span> <span class='ocrx_word' id='word_1_113' title='bbox 716 1345 841 1424; x_wconf 67' lang='lat' dir='ltr'><strong>campo?</strong></span> <span class='ocrx_word' id='word_1_114' title='bbox 1109 1351 1145 1406; x_wconf 88' lang='lat'><strong>80</strong></span> 
     </span>
    </p>
   </div>
   <div class='ocr_carea' id='block_1_3' title="bbox 151 1427 1220 2158">
    <p class='ocr_par' dir='ltr' id='par_1_12' title="bbox 151 1427 1220 2158">
     <span class='ocr_line' id='line_1_17' title="bbox 191 1427 1068 1506; baseline 0.002 -20"><span class='ocrx_word' id='word_1_115' title='bbox 191 1429 278 1490; x_wconf 86' lang='lat' dir='ltr'><strong>Haec</strong></span> <span class='ocrx_word' id='word_1_116' title='bbox 298 1428 349 1488; x_wconf 94' lang='lat' dir='ltr'><strong>ubi</strong></span> <span class='ocrx_word' id='word_1_117' title='bbox 370 1429 450 1488; x_wconf 92' lang='lat' dir='ltr'><strong>dicta</strong></span> <span class='ocrx_word' id='word_1_118' title='bbox 470 1430 562 1502; x_wconf 87' lang='lat' dir='ltr'><strong>dedit,</strong></span> <span class='ocrx_word' id='word_1_119' title='bbox 583 1429 761 1506; x_wconf 90' lang='lat' dir='ltr'><strong>rapidusque</strong></span> <span class='ocrx_word' id='word_1_120' title='bbox 782 1428 813 1487; x_wconf 92' lang='lat' dir='ltr'><strong>in</strong></span> <span class='ocrx_word' id='word_1_121' title='bbox 834 1437 913 1487; x_wconf 90' lang='lat' dir='ltr'><strong>tecta</strong></span> <span class='ocrx_word' id='word_1_122' title='bbox 932 1427 1055 1488; x_wconf 86' lang='lat' dir='ltr'><strong>recessit</strong></span> <span class='ocrx_word' id='word_1_123' title='bbox 1059 1450 1068 1502; x_wconf 76' lang='lat'>5</span> 
     </span>
     <span class='ocr_line' id='line_1_18' title="bbox 152 1508 1220 1586; baseline 0.003 -20"><span class='ocrx_word' id='word_1_124' title='bbox 152 1508 250 1566; x_wconf 92' lang='lat' dir='ltr'><strong>Poscit</strong></span> <span class='ocrx_word' id='word_1_125' title='bbox 271 1526 372 1584; x_wconf 91' lang='lat' dir='ltr'><strong>equos,</strong></span> <span class='ocrx_word' id='word_1_126' title='bbox 393 1511 562 1586; x_wconf 87' lang='lat' dir='ltr'><strong>gaudetque</strong></span> <span class='ocrx_word' id='word_1_127' title='bbox 582 1521 669 1568; x_wconf 87' lang='lat' dir='ltr'><strong>tuens</strong></span> <span class='ocrx_word' id='word_1_128' title='bbox 687 1519 758 1572; x_wconf 82' lang='lat' dir='ltr'><strong>ante</strong></span> <span class='ocrx_word' id='word_1_129' title='bbox 779 1509 831 1567; x_wconf 87' lang='lat' dir='ltr'><strong>ora</strong></span> <span class='ocrx_word' id='word_1_130' title='bbox 850 1510 1018 1584; x_wconf 85' lang='lat' dir='ltr'><strong>frementes,</strong></span> <span class='ocrx_word' id='word_1_131' title='bbox 1219 1543 1220 1560; x_wconf 66' lang='lat'>2</span> 
     </span>
     <span class='ocr_line' id='line_1_19' title="bbox 151 1587 1220 1666; baseline 0.007 -21"><span class='ocrx_word' id='word_1_132' title='bbox 151 1587 289 1647; x_wconf 88' lang='lat' dir='ltr'><strong>Pilumno</strong></span> <span class='ocrx_word' id='word_1_133' title='bbox 310 1607 385 1664; x_wconf 91' lang='lat' dir='ltr'><strong>quos</strong></span> <span class='ocrx_word' id='word_1_134' title='bbox 406 1589 470 1666; x_wconf 89' lang='lat' dir='ltr'><strong>ipsa</strong></span> <span class='ocrx_word' id='word_1_135' title='bbox 490 1591 580 1649; x_wconf 90' lang='lat' dir='ltr'><strong>decus</strong></span> <span class='ocrx_word' id='word_1_136' title='bbox 601 1589 683 1649; x_wconf 89' lang='lat' dir='ltr'><strong>dedit</strong></span> <span class='ocrx_word' id='word_1_137' title='bbox 704 1587 848 1664; x_wconf 88' lang='lat' dir='ltr'><strong>Orithyia,</strong></span> <span class='ocrx_word' id='word_1_138' title='bbox 1219 1641 1220 1652; x_wconf 67' lang='grc'>,</span> 
     </span>
     <span class='ocr_line' id='line_1_20' title="bbox 152 1667 902 1743; baseline 0 -17"><span class='ocrx_word' id='word_1_139' title='bbox 152 1667 211 1743; x_wconf 92' lang='lat' dir='ltr'><strong>Qui</strong></span> <span class='ocrx_word' id='word_1_140' title='bbox 231 1669 359 1727; x_wconf 88' lang='lat' dir='ltr'><strong>candore</strong></span> <span class='ocrx_word' id='word_1_141' title='bbox 380 1669 462 1729; x_wconf 89' lang='lat' dir='ltr'><strong>nives</strong></span> <span class='ocrx_word' id='word_1_142' title='bbox 482 1669 636 1742; x_wconf 88' lang='lat' dir='ltr'><strong>anteirent,</strong></span> <span class='ocrx_word' id='word_1_143' title='bbox 658 1669 789 1728; x_wconf 89' lang='lat' dir='ltr'><strong>cursibus</strong></span> <span class='ocrx_word' id='word_1_144' title='bbox 810 1687 902 1726; x_wconf 84' lang='lat' dir='ltr'><strong>auras</strong></span> 
     </span>
     <span class='ocr_line' id='line_1_21' title="bbox 151 1747 1143 1826; baseline -0.002 -18"><span class='ocrx_word' id='word_1_145' title='bbox 151 1747 350 1808; x_wconf 87' lang='lat' dir='ltr'><strong>Circumstant</strong></span> <span class='ocrx_word' id='word_1_146' title='bbox 369 1751 486 1826; x_wconf 87' lang='lat' dir='ltr'><strong>properi</strong></span> <span class='ocrx_word' id='word_1_147' title='bbox 507 1749 623 1826; x_wconf 86' lang='lat' dir='ltr'><strong>aurigae</strong></span> <span class='ocrx_word' id='word_1_148' title='bbox 644 1750 840 1824; x_wconf 91' lang='lat' dir='ltr'><strong>manibusque</strong></span> <span class='ocrx_word' id='word_1_149' title='bbox 862 1750 1010 1808; x_wconf 90' lang='lat' dir='ltr'><strong>lacessunt</strong></span> <span class='ocrx_word' id='word_1_150' title='bbox 1106 1751 1143 1825; x_wconf 88' lang='lat'><strong>85</strong></span> 
     </span>
     <span class='ocr_line' id='line_1_22' title="bbox 1219 2079 1220 2108; baseline 0 0"><span class='ocrx_word' id='word_1_151' title='bbox 1219 2079 1220 2108; x_wconf 85' lang='lat' dir='ltr'><strong>l</strong></span> 
     </span>
     <span class='ocr_line' id='line_1_23' title="bbox 1219 2111 1220 2158; baseline 0 0"><span class='ocrx_word' id='word_1_152' title='bbox 1219 2111 1220 2158; x_wconf 85' lang='lat' dir='ltr'><strong>l</strong></span> 
     </span>
    </p>
   </div>
   <div class='ocr_carea' id='block_1_4' title="bbox 150 1829 1220 3426">
    <p class='ocr_par' dir='ltr' id='par_1_13' title="bbox 151 1829 963 1905">
     <span class='ocr_line' id='line_1_24' title="bbox 151 1829 963 1905; baseline 0.001 -20"><span class='ocrx_word' id='word_1_153' title='bbox 151 1830 275 1886; x_wconf 88' lang='lat' dir='ltr'><strong>Pectora</strong></span> <span class='ocrx_word' id='word_1_154' title='bbox 296 1831 398 1904; x_wconf 87' lang='lat' dir='ltr'><strong>plausa</strong></span> <span class='ocrx_word' id='word_1_155' title='bbox 418 1829 496 1888; x_wconf 87' lang='lat' dir='ltr'><strong>cavis</strong></span> <span class='ocrx_word' id='word_1_156' title='bbox 518 1841 547 1889; x_wconf 91' lang='lat' dir='ltr'><strong>et</strong></span> <span class='ocrx_word' id='word_1_157' title='bbox 568 1832 646 1889; x_wconf 90' lang='lat' dir='ltr'><strong>colla</strong></span> <span class='ocrx_word' id='word_1_158' title='bbox 666 1829 815 1889; x_wconf 90' lang='lat' dir='ltr'><strong>comantia</strong></span> <span class='ocrx_word' id='word_1_159' title='bbox 833 1839 963 1905; x_wconf 91' lang='lat' dir='ltr'><strong>pectunt.</strong></span> 
     </span>
    </p>

    <p class='ocr_par' dir='ltr' id='par_1_14' title="bbox 152 1908 966 1986">
     <span class='ocr_line' id='line_1_25' title="bbox 152 1908 966 1986; baseline 0.002 -20"><span class='ocrx_word' id='word_1_160' title='bbox 152 1910 220 1983; x_wconf 91' lang='lat' dir='ltr'><strong>Ipse</strong></span> <span class='ocrx_word' id='word_1_161' title='bbox 241 1909 350 1968; x_wconf 89' lang='lat' dir='ltr'><strong>dehinc</strong></span> <span class='ocrx_word' id='word_1_162' title='bbox 369 1929 441 1969; x_wconf 85' lang='lat' dir='ltr'><strong>auro</strong></span> <span class='ocrx_word' id='word_1_163' title='bbox 462 1913 647 1986; x_wconf 90' lang='lat' dir='ltr'><strong>squalentem</strong></span> <span class='ocrx_word' id='word_1_164' title='bbox 667 1911 797 1986; x_wconf 87' lang='lat' dir='ltr'><strong>alboque</strong></span> <span class='ocrx_word' id='word_1_165' title='bbox 817 1908 966 1968; x_wconf 83' lang='lat' dir='ltr'><strong>orichalco</strong></span> 
     </span>
    </p>

    <p class='ocr_par' dir='ltr' id='par_1_15' title="bbox 151 1988 999 2066">
     <span class='ocr_line' id='line_1_26' title="bbox 151 1988 999 2066; baseline 0 -18"><span class='ocrx_word' id='word_1_166' title='bbox 151 1988 323 2048; x_wconf 88' lang='lat' dir='ltr'><strong>Circumdat</strong></span> <span class='ocrx_word' id='word_1_167' title='bbox 343 1990 464 2048; x_wconf 87' lang='lat' dir='ltr'><strong>loricam</strong></span> <span class='ocrx_word' id='word_1_168' title='bbox 485 1990 614 2049; x_wconf 90' lang='lat' dir='ltr'><strong>humeris</strong></span> <span class='ocrx_word' id='word_1_169' title='bbox 619 2011 628 2064; x_wconf 82' lang='lat'>3</span> <span class='ocrx_word' id='word_1_170' title='bbox 649 1989 736 2049; x_wconf 90' lang='lat' dir='ltr'><strong>simul</strong></span> <span class='ocrx_word' id='word_1_171' title='bbox 757 1999 837 2066; x_wconf 89' lang='lat' dir='ltr'><strong>aptat</strong></span> <span class='ocrx_word' id='word_1_172' title='bbox 858 1989 999 2048; x_wconf 90' lang='lat' dir='ltr'><strong>habendo</strong></span> 
     </span>
    </p>

    <p class='ocr_par' dir='ltr' id='par_1_16' title="bbox 152 2068 972 2147">
     <span class='ocr_line' id='line_1_27' title="bbox 152 2068 972 2147; baseline 0.002 -21"><span class='ocrx_word' id='word_1_173' title='bbox 152 2071 321 2144; x_wconf 89' lang='lat' dir='ltr'><strong>Ensemque</strong></span> <span class='ocrx_word' id='word_1_174' title='bbox 342 2069 528 2147; x_wconf 82' lang='lat' dir='ltr'><strong>clipeumque</strong></span> <span class='ocrx_word' id='word_1_175' title='bbox 549 2081 579 2129; x_wconf 90' lang='lat' dir='ltr'><strong>et</strong></span> <span class='ocrx_word' id='word_1_176' title='bbox 598 2071 703 2130; x_wconf 89' lang='lat' dir='ltr'><strong>rubrae</strong></span> <span class='ocrx_word' id='word_1_177' title='bbox 724 2081 834 2129; x_wconf 80' lang='lat' dir='ltr'><strong>cornua</strong></span> <span class='ocrx_word' id='word_1_178' title='bbox 853 2068 958 2128; x_wconf 88' lang='lat' dir='ltr'><strong>cristae</strong></span> <span class='ocrx_word' id='word_1_179' title='bbox 963 2092 972 2142; x_wconf 83' lang='lat'><em>3</em></span> 
     </span>
    </p>

    <p class='ocr_par' dir='ltr' id='par_1_17' title="bbox 152 2147 1220 2306">
     <span class='ocr_line' id='line_1_28' title="bbox 152 2147 1220 2226; baseline -0.001 -18"><span class='ocrx_word' id='word_1_180' title='bbox 152 2150 270 2220; x_wconf 89' lang='lat' dir='ltr'><strong>Ensem,</strong></span> <span class='ocrx_word' id='word_1_181' title='bbox 292 2168 382 2226; x_wconf 89' lang='lat' dir='ltr'><strong>quern</strong></span> <span class='ocrx_word' id='word_1_182' title='bbox 404 2152 513 2210; x_wconf 88' lang='lat' dir='ltr'><strong>Dauno</strong></span> <span class='ocrx_word' id='word_1_183' title='bbox 533 2151 700 2226; x_wconf 85' lang='lat' dir='ltr'><strong>ignipotens</strong></span> <span class='ocrx_word' id='word_1_184' title='bbox 722 2151 795 2209; x_wconf 90' lang='lat' dir='ltr'><strong>deus</strong></span> <span class='ocrx_word' id='word_1_185' title='bbox 815 2149 878 2225; x_wconf 90' lang='lat' dir='ltr'><strong>ipse</strong></span> <span class='ocrx_word' id='word_1_186' title='bbox 898 2147 1014 2225; x_wconf 90' lang='lat' dir='ltr'><strong>parenti</strong></span> <span class='ocrx_word' id='word_1_187' title='bbox 1108 2168 1146 2225; x_wconf 86' lang='lat'><strong>90</strong></span> <span class='ocrx_word' id='word_1_188' title='bbox 1219 2165 1220 2188; x_wconf 76' lang='lat'><em>³</em></span> 
     </span>
     <span class='ocr_line' id='line_1_29' title="bbox 152 2229 893 2306; baseline 0.003 -20"><span class='ocrx_word' id='word_1_189' title='bbox 152 2229 273 2287; x_wconf 88' lang='lat' dir='ltr'><strong>Fecerat</strong></span> <span class='ocrx_word' id='word_1_190' title='bbox 294 2243 324 2287; x_wconf 92' lang='lat' dir='ltr'><strong>et</strong></span> <span class='ocrx_word' id='word_1_191' title='bbox 344 2229 443 2306; x_wconf 88' lang='lat' dir='ltr'><strong>Stygia</strong></span> <span class='ocrx_word' id='word_1_192' title='bbox 463 2232 641 2290; x_wconf 88' lang='lat' dir='ltr'><strong>candentem</strong></span> <span class='ocrx_word' id='word_1_193' title='bbox 662 2231 785 2289; x_wconf 82' lang='lat' dir='ltr'><strong>tinxerat</strong></span> <span class='ocrx_word' id='word_1_194' title='bbox 805 2230 893 2288; x_wconf 89' lang='lat' dir='ltr'><strong>unda.</strong></span> 
     </span>
    </p>

    <p class='ocr_par' dir='ltr' id='par_1_18' title="bbox 152 2307 880 2386">
     <span class='ocr_line' id='line_1_30' title="bbox 152 2307 880 2386; baseline 0.003 -20"><span class='ocrx_word' id='word_1_195' title='bbox 152 2307 235 2380; x_wconf 88' lang='lat' dir='ltr'><strong>Exin,</strong></span> <span class='ocrx_word' id='word_1_196' title='bbox 259 2328 334 2384; x_wconf 92' lang='lat' dir='ltr'><strong>quae</strong></span> <span class='ocrx_word' id='word_1_197' title='bbox 355 2309 460 2369; x_wconf 89' lang='lat' dir='ltr'><strong>mediis</strong></span> <span class='ocrx_word' id='word_1_198' title='bbox 481 2310 592 2386; x_wconf 87' lang='lat' dir='ltr'><strong>ingenti</strong></span> <span class='ocrx_word' id='word_1_199' title='bbox 612 2309 720 2369; x_wconf 89' lang='lat' dir='ltr'><strong>adnixa</strong></span> <span class='ocrx_word' id='word_1_200' title='bbox 740 2311 880 2369; x_wconf 89' lang='lat' dir='ltr'><strong>columna</strong></span> 
     </span>
    </p>

    <p class='ocr_par' dir='ltr' id='par_1_19' title="bbox 151 2387 931 2466">
     <span class='ocr_line' id='line_1_31' title="bbox 151 2387 931 2466; baseline 0 -19"><span class='ocrx_word' id='word_1_201' title='bbox 151 2387 284 2447; x_wconf 89' lang='lat' dir='ltr'><strong>Aedibus</strong></span> <span class='ocrx_word' id='word_1_202' title='bbox 305 2391 449 2463; x_wconf 90' lang='lat' dir='ltr'><strong>adstabat,</strong></span> <span class='ocrx_word' id='word_1_203' title='bbox 470 2390 598 2449; x_wconf 90' lang='lat' dir='ltr'><strong>validam</strong></span> <span class='ocrx_word' id='word_1_204' title='bbox 619 2390 647 2448; x_wconf 88' lang='lat' dir='ltr'><strong>vi</strong></span> <span class='ocrx_word' id='word_1_205' title='bbox 668 2389 786 2466; x_wconf 89' lang='lat' dir='ltr'><strong>corripit</strong></span> <span class='ocrx_word' id='word_1_206' title='bbox 806 2390 931 2462; x_wconf 88' lang='lat' dir='ltr'><strong>hastam,</strong></span> 
     </span>
    </p>

    <p class='ocr_par' dir='ltr' id='par_1_20' title="bbox 150 2467 979 2546">
     <span class='ocr_line' id='line_1_32' title="bbox 150 2467 979 2546; baseline 0.002 -20"><span class='ocrx_word' id='word_1_207' title='bbox 150 2467 266 2526; x_wconf 90' lang='lat' dir='ltr'><strong>Actoris</strong></span> <span class='ocrx_word' id='word_1_208' title='bbox 287 2469 419 2527; x_wconf 90' lang='lat' dir='ltr'><strong>Aurunci</strong></span> <span class='ocrx_word' id='word_1_209' title='bbox 440 2471 576 2545; x_wconf 88' lang='lat' dir='ltr'><strong>spolium,</strong></span> <span class='ocrx_word' id='word_1_210' title='bbox 598 2481 774 2546; x_wconf 89' lang='lat' dir='ltr'><strong>quassatque</strong></span> <span class='ocrx_word' id='word_1_211' title='bbox 795 2480 979 2542; x_wconf 89' lang='lat' dir='ltr'><strong>trementem,</strong></span> 
     </span>
    </p>

    <p class='ocr_par' dir='ltr' id='par_1_21' title="bbox 151 2547 1144 2706">
     <span class='ocr_line' id='line_1_33' title="bbox 151 2547 1144 2627; baseline 0.003 -21"><span class='ocrx_word' id='word_1_212' title='bbox 151 2547 337 2608; x_wconf 86' lang='lat' dir='ltr'><strong>Vociferans:</strong></span> <span class='ocrx_word' id='word_1_213' title='bbox 361 2552 478 2622; x_wconf 76' lang='lat' dir='ltr'><strong>‘Nunq</strong></span> <span class='ocrx_word' id='word_1_214' title='bbox 502 2569 520 2608; x_wconf 92' lang='grc' dir='ltr'>ο</span> <span class='ocrx_word' id='word_1_215' title='bbox 542 2567 705 2626; x_wconf 88' lang='lat' dir='ltr'><strong>numquam</strong></span> <span class='ocrx_word' id='word_1_216' title='bbox 726 2552 860 2608; x_wconf 85' lang='lat' dir='ltr'><strong>frustrata</strong></span> <span class='ocrx_word' id='word_1_217' title='bbox 880 2562 1002 2609; x_wconf 88' lang='lat' dir='ltr'><strong>vocatus</strong></span> <span class='ocrx_word' id='word_1_218' title='bbox 1108 2567 1144 2627; x_wconf 86' lang='lat'><strong>95</strong></span> 
     </span>
     <span class='ocr_line' id='line_1_34' title="bbox 152 2631 1087 2706; baseline 0.003 -20"><span class='ocrx_word' id='word_1_219' title='bbox 152 2631 270 2688; x_wconf 89' lang='lat' dir='ltr'><strong>‘Hasta</strong></span> <span class='ocrx_word' id='word_1_220' title='bbox 290 2648 382 2702; x_wconf 88' lang='lat' dir='ltr'><strong>meos,</strong></span> <span class='ocrx_word' id='word_1_221' title='bbox 403 2649 484 2688; x_wconf 90' lang='lat' dir='ltr'><strong>nunc</strong></span> <span class='ocrx_word' id='word_1_222' title='bbox 504 2641 620 2706; x_wconf 89' lang='lat' dir='ltr'><strong>tempus</strong></span> <span class='ocrx_word' id='word_1_223' title='bbox 640 2631 724 2689; x_wconf 90' lang='lat' dir='ltr'><strong>adest</strong></span> <span class='ocrx_word' id='word_1_224' title='bbox 730 2652 738 2703; x_wconf 93' lang='lat'>;</span> <span class='ocrx_word' id='word_1_225' title='bbox 759 2641 789 2689; x_wconf 93' lang='lat' dir='ltr'><strong>te</strong></span> <span class='ocrx_word' id='word_1_226' title='bbox 810 2648 965 2688; x_wconf 90' lang='lat' dir='ltr'><strong>maxumus</strong></span> <span class='ocrx_word' id='word_1_227' title='bbox 985 2632 1087 2702; x_wconf 91' lang='lat' dir='ltr'><strong>Actor,</strong></span> 
     </span>
    </p>

    <p class='ocr_par' dir='ltr' id='par_1_22' title="bbox 153 2709 998 2865">
     <span class='ocr_line' id='line_1_35' title="bbox 153 2709 998 2787; baseline 0.001 -20"><span class='ocrx_word' id='word_1_228' title='bbox 153 2711 215 2768; x_wconf 88' lang='lat' dir='ltr'><strong>‘Te</strong></span> <span class='ocrx_word' id='word_1_229' title='bbox 236 2709 329 2767; x_wconf 91' lang='lat' dir='ltr'><strong>Tumi</strong></span> <span class='ocrx_word' id='word_1_230' title='bbox 349 2728 430 2768; x_wconf 93' lang='lat' dir='ltr'><strong>nunc</strong></span> <span class='ocrx_word' id='word_1_231' title='bbox 451 2711 553 2769; x_wconf 90' lang='lat' dir='ltr'><strong>dextra</strong></span> <span class='ocrx_word' id='word_1_232' title='bbox 573 2709 646 2787; x_wconf 92' lang='lat' dir='ltr'><strong>gerit</strong></span> <span class='ocrx_word' id='word_1_233' title='bbox 651 2733 660 2785; x_wconf 78' lang='lat'>3</span> <span class='ocrx_word' id='word_1_234' title='bbox 681 2711 720 2769; x_wconf 93' lang='lat' dir='ltr'><strong>da</strong></span> <span class='ocrx_word' id='word_1_235' title='bbox 742 2721 871 2769; x_wconf 88' lang='lat' dir='ltr'><strong>sternere</strong></span> <span class='ocrx_word' id='word_1_236' title='bbox 891 2725 998 2785; x_wconf 92' lang='lat' dir='ltr'><strong>corpus</strong></span> 
     </span>
     <span class='ocr_line' id='line_1_36' title="bbox 153 2787 901 2865; baseline -0.003 -17"><span class='ocrx_word' id='word_1_237' title='bbox 153 2787 365 2865; x_wconf 71' lang='lat' dir='ltr'><strong>‘loricamque</strong></span> <span class='ocrx_word' id='word_1_238' title='bbox 386 2809 475 2848; x_wconf 86' lang='lat' dir='ltr'><strong>manu</strong></span> <span class='ocrx_word' id='word_1_239' title='bbox 495 2790 592 2849; x_wconf 90' lang='lat' dir='ltr'><strong>valida</strong></span> <span class='ocrx_word' id='word_1_240' title='bbox 612 2793 738 2849; x_wconf 89' lang='lat' dir='ltr'><strong>lacerare</strong></span> <span class='ocrx_word' id='word_1_241' title='bbox 759 2791 901 2849; x_wconf 88' lang='lat' dir='ltr'><strong>revolsam</strong></span> 
     </span>
    </p>

    <p class='ocr_par' dir='ltr' id='par_1_23' title="bbox 153 2869 958 2946">
     <span class='ocr_line' id='line_1_37' title="bbox 153 2869 958 2946; baseline 0 -18"><span class='ocrx_word' id='word_1_242' title='bbox 153 2869 305 2928; x_wconf 88' lang='lat' dir='ltr'><strong>‘Semiviri</strong></span> <span class='ocrx_word' id='word_1_243' title='bbox 327 2869 458 2944; x_wconf 86' lang='lat' dir='ltr'><strong>Phrygis,</strong></span> <span class='ocrx_word' id='word_1_244' title='bbox 480 2880 510 2928; x_wconf 90' lang='lat' dir='ltr'><strong>et</strong></span> <span class='ocrx_word' id='word_1_245' title='bbox 530 2871 650 2929; x_wconf 87' lang='lat' dir='ltr'><strong>foedare</strong></span> <span class='ocrx_word' id='word_1_246' title='bbox 670 2869 701 2928; x_wconf 92' lang='lat' dir='ltr'><strong>in</strong></span> <span class='ocrx_word' id='word_1_247' title='bbox 721 2871 842 2946; x_wconf 92' lang='lat' dir='ltr'><strong>pulvere</strong></span> <span class='ocrx_word' id='word_1_248' title='bbox 863 2869 958 2928; x_wconf 91' lang='lat' dir='ltr'><strong>crines</strong></span> 
     </span>
    </p>

    <p class='ocr_par' dir='ltr' id='par_1_24' title="bbox 153 2948 1147 3102">
     <span class='ocr_line' id='line_1_38' title="bbox 153 2948 1147 3025; baseline 0.004 -21"><span class='ocrx_word' id='word_1_249' title='bbox 153 2948 308 3007; x_wconf 86' lang='lat' dir='ltr'><strong>‘Vibratos</strong></span> <span class='ocrx_word' id='word_1_250' title='bbox 330 2949 427 3008; x_wconf 88' lang='lat' dir='ltr'><strong>calido</strong></span> <span class='ocrx_word' id='word_1_251' title='bbox 448 2951 524 3008; x_wconf 78' lang='lat' dir='ltr'><strong>ferro</strong></span> <span class='ocrx_word' id='word_1_252' title='bbox 544 2968 700 3025; x_wconf 91' lang='lat' dir='ltr'><strong>murraque</strong></span> <span class='ocrx_word' id='word_1_253' title='bbox 721 2951 895 3008; x_wconf 88' lang='lat' dir='ltr'><strong>madentes.&#39;</strong></span> <span class='ocrx_word' id='word_1_254' title='bbox 1092 2969 1147 3010; x_wconf 90' lang='lat' dir='ltr'><strong>roo</strong></span> 
     </span>
     <span class='ocr_line' id='line_1_39' title="bbox 153 3025 865 3102; baseline 0.01 -21"><span class='ocrx_word' id='word_1_255' title='bbox 153 3025 211 3082; x_wconf 92' lang='lat' dir='ltr'><strong>His</strong></span> <span class='ocrx_word' id='word_1_256' title='bbox 231 3025 326 3098; x_wconf 88' lang='lat' dir='ltr'><strong>agitur</strong></span> <span class='ocrx_word' id='word_1_257' title='bbox 346 3027 425 3085; x_wconf 86' lang='lat' dir='ltr'><strong>furiis</strong></span> <span class='ocrx_word' id='word_1_258' title='bbox 432 3049 440 3100; x_wconf 83' lang='lat'>3</span> <span class='ocrx_word' id='word_1_259' title='bbox 461 3038 585 3102; x_wconf 92' lang='lat' dir='ltr'><strong>totoque</strong></span> <span class='ocrx_word' id='word_1_260' title='bbox 606 3029 735 3088; x_wconf 89' lang='lat' dir='ltr'><strong>ardentis</strong></span> <span class='ocrx_word' id='word_1_261' title='bbox 756 3031 794 3088; x_wconf 91' lang='lat' dir='ltr'><strong>ab</strong></span> <span class='ocrx_word' id='word_1_262' title='bbox 815 3049 865 3088; x_wconf 90' lang='lat' dir='ltr'><strong>ore</strong></span> 
     </span>
    </p>

    <p class='ocr_par' dir='ltr' id='par_1_25' title="bbox 152 3101 945 3184">
     <span class='ocr_line' id='line_1_40' title="bbox 152 3101 945 3184; baseline 0.013 -26"><span class='ocrx_word' id='word_1_263' title='bbox 152 3101 300 3159; x_wconf 89' lang='lat' dir='ltr'><strong>Scintillae</strong></span> <span class='ocrx_word' id='word_1_264' title='bbox 320 3104 480 3176; x_wconf 85' lang='lat' dir='ltr'><strong>absistunt3</strong></span> <span class='ocrx_word' id='word_1_265' title='bbox 501 3107 593 3166; x_wconf 91' lang='lat' dir='ltr'><strong>oculis</strong></span> <span class='ocrx_word' id='word_1_266' title='bbox 614 3109 704 3167; x_wconf 90' lang='lat' dir='ltr'><strong>micat</strong></span> <span class='ocrx_word' id='word_1_267' title='bbox 725 3109 841 3168; x_wconf 87' lang='lat' dir='ltr'><strong>acribus</strong></span> <span class='ocrx_word' id='word_1_268' title='bbox 861 3105 945 3184; x_wconf 75' lang='lat' dir='ltr'><strong>ignia.</strong></span> 
     </span>
    </p>

    <p class='ocr_par' dir='ltr' id='par_1_26' title="bbox 153 3178 903 3263">
     <span class='ocr_line' id='line_1_41' title="bbox 153 3178 903 3263; baseline 0.019 -30"><span class='ocrx_word' id='word_1_269' title='bbox 153 3178 284 3263; x_wconf 83' lang='lat' dir='ltr'><strong>Mugitus</strong></span> <span class='ocrx_word' id='word_1_270' title='bbox 305 3180 395 3237; x_wconf 88' lang='lat' dir='ltr'><strong>veluti</strong></span> <span class='ocrx_word' id='word_1_271' title='bbox 416 3202 483 3240; x_wconf 86' lang='lat' dir='ltr'><strong>cum</strong></span> <span class='ocrx_word' id='word_1_272' title='bbox 504 3185 598 3260; x_wconf 89' lang='lat' dir='ltr'><strong>prima</strong></span> <span class='ocrx_word' id='word_1_273' title='bbox 619 3187 649 3244; x_wconf 91' lang='lat' dir='ltr'><strong>in</strong></span> <span class='ocrx_word' id='word_1_274' title='bbox 670 3188 783 3262; x_wconf 88' lang='lat' dir='ltr'><strong>proelia</strong></span> <span class='ocrx_word' id='word_1_275' title='bbox 803 3199 903 3246; x_wconf 87' lang='lat' dir='ltr'><strong>taurus</strong></span> 
     </span>
    </p>

    <p class='ocr_par' dir='ltr' id='par_1_27' title="bbox 152 3254 1220 3426">
     <span class='ocr_line' id='line_1_42' title="bbox 152 3254 1220 3343; baseline 0.014 -33"><span class='ocrx_word' id='word_1_276' title='bbox 152 3254 306 3340; x_wconf 70' lang='lat' dir='ltr'><strong>Temlicos</strong></span> <span class='ocrx_word' id='word_1_277' title='bbox 328 3256 386 3314; x_wconf 89' lang='lat' dir='ltr'><strong>ciet</strong></span> <span class='ocrx_word' id='word_1_278' title='bbox 405 3270 494 3333; x_wconf 90' lang='lat' dir='ltr'><strong>atque</strong></span> <span class='ocrx_word' id='word_1_279' title='bbox 514 3263 599 3322; x_wconf 91' lang='lat' dir='ltr'><strong>irasci</strong></span> <span class='ocrx_word' id='word_1_280' title='bbox 620 3264 651 3322; x_wconf 91' lang='lat' dir='ltr'><strong>in</strong></span> <span class='ocrx_word' id='word_1_281' title='bbox 671 3285 783 3325; x_wconf 90' lang='lat' dir='ltr'><strong>cornua</strong></span> <span class='ocrx_word' id='word_1_282' title='bbox 804 3277 938 3343; x_wconf 88' lang='lat' dir='ltr'><strong>temptat,</strong></span> <span class='ocrx_word' id='word_1_283' title='bbox 996 3276 998 3279; x_wconf 83' lang='lat'>&#39;</span> <span class='ocrx_word' id='word_1_284' title='bbox 1219 3297 1220 3308; x_wconf 33' lang='lat' dir='ltr'><strong>i</strong></span> 
     </span>
     <span class='ocr_line' id='line_1_43' title="bbox 152 3331 1145 3426; baseline 0.021 -40"><span class='ocrx_word' id='word_1_285' title='bbox 152 3331 272 3388; x_wconf 81' lang='lat' dir='ltr'><strong>Arboris</strong></span> <span class='ocrx_word' id='word_1_286' title='bbox 293 3333 419 3392; x_wconf 86' lang='lat' dir='ltr'><strong>obnixus</strong></span> <span class='ocrx_word' id='word_1_287' title='bbox 439 3348 553 3413; x_wconf 90' lang='lat' dir='ltr'><strong>trunco,</strong></span> <span class='ocrx_word' id='word_1_288' title='bbox 574 3354 740 3422; x_wconf 87' lang='lat' dir='ltr'><strong>ventosque</strong></span> <span class='ocrx_word' id='word_1_289' title='bbox 761 3347 878 3406; x_wconf 92' lang='lat' dir='ltr'><strong>lacessit</strong></span> <span class='ocrx_word' id='word_1_290' title='bbox 1096 3369 1145 3426; x_wconf 84' lang='lat'><strong>¹05</strong></span> 
     </span>
    </p>
   </div>
   <div class='ocr_carea' id='block_1_5' title="bbox 0 0 1244 3692">
    <p class='ocr_par' dir='ltr' id='par_1_28' title="bbox 0 0 1244 3692">
     <span class='ocr_line' id='line_1_44' title="bbox 0 0 1244 3692; baseline 0 0"><span class='ocrx_word' id='word_1_291' title='bbox 0 0 1244 3692; x_wconf 95' lang='lat' dir='ltr'><strong> </strong></span> 
     </span>
    </p>
   </div>
  </div>
 </body>
</html>
