2494 3702
393 82 668 144 Gnonclcort
681 81 766 139 rra
789 81 854 138 m.
1030 115 1033 120 -
1061 98 1095 153 13
1100 93 1115 156 5

118 231 219 290 Multa
237 248 360 307 gemens
380 227 573 306 ignominiam
593 229 755 303 plagasque
775 224 896 301 superbi

116 309 259 384 Victoris,
280 319 354 380 tum,
376 329 451 385 quos
471 308 570 368 amisit
589 308 707 379 inultus,
729 324 845 366 amores
854 328 864 380 3

118 391 160 448 Et
181 390 296 449 stabula
315 400 471 466 aspectans
491 387 587 464 regnis
609 389 733 447 excessit
753 386 847 446 avitis.

118 470 200 545 Ergo
221 469 303 528 omni
323 488 395 528 cura
413 469 488 529 vires
509 477 625 529 exercet
645 477 675 527 et
696 466 772 526 inter

117 549 205 607 Dura
224 548 302 608 iacet
321 568 436 625 pernox
456 549 579 608 instrato
599 567 670 606 saxa
689 545 780 606 cubili

118 627 290 688 Frondibus
310 627 429 687 hirsutis
450 640 479 689 et
500 627 595 687 carice
614 637 716 702 pastus
736 636 831 698 acuta,

119 708 160 766 Et
182 718 309 783 temptat
329 727 402 780 sese,
423 719 513 784 atque
533 707 619 766 irasci
639 709 671 766 in
690 726 801 766 cornua
822 704 910 766 discit

118 786 242 846 Arboris
262 788 390 848 obnixus
410 798 523 861 trunco,
544 799 708 862 ventosque
729 786 844 846 lacessit

119 865 244 940 Ictibus,
266 879 296 927 et
317 887 417 944 sparsa
436 869 475 928 ad
495 887 624 944 pugnam
644 866 775 944 proludit
796 868 914 926 harena.

118 947 193 1006 Post
212 946 266 1005 ubi
285 949 442 1006 collectum
462 949 551 1008 robur
570 948 704 1022 viresque
724 948 859 1017 resectae,
1058 968 1071 1004 2
1075 964 1112 1023 35

118 1025 210 1102 Signa
229 1038 339 1100 movet,
359 1046 559 1104 praecepsque
580 1027 704 1087 oblitum
724 1028 815 1086 fertur
834 1028 865 1084 in
886 1026 1023 1100 hostem;

118 1107 241 1166 Fluctus
261 1105 314 1177 uti,
335 1107 435 1167 medio
456 1107 557 1183 coepit
576 1127 645 1166 cum
666 1107 815 1167 albescere
837 1117 939 1181 ponto,

118 1187 251 1264 Longius
273 1206 310 1246 ex
329 1188 449 1262 altoque
469 1189 567 1247 sinum
587 1186 684 1260 trahit,
706 1197 798 1262 utque
817 1187 935 1245 volutus

117 1268 170 1326 Ad
189 1278 280 1326 terras
301 1266 430 1326 immane
451 1279 537 1327 sonat
556 1286 610 1344 per
630 1287 708 1342 saxa,
731 1285 829 1342 neque
849 1265 916 1342 ipso

117 1348 228 1406 Monte
248 1347 345 1406 minor
364 1348 540 1422 procumbit,
563 1358 594 1406 at
614 1348 674 1408 ima
694 1355 845 1408 exaestuat
864 1347 945 1406 unda
1055 1367 1112 1420 240

119 1426 292 1486 Vorticibus
313 1427 485 1504 nigramque
505 1429 564 1487 alte
584 1427 730 1488 subiectat
750 1428 899 1486 harenam.

159 1507 260 1567 Omne
279 1508 356 1566 adeo
375 1527 469 1584 genus
489 1509 520 1565 in
540 1507 623 1567 terris
643 1506 858 1583 hominumque
877 1503 1069 1583 ferarumque,

115 1588 158 1646 Et
178 1605 272 1662 genus
292 1606 481 1663 aequoreum,
503 1588 634 1663 pecudes
654 1588 810 1664 pictaeque
830 1588 972 1658 volucres.

115 1669 157 1725 In
177 1668 266 1726 furias
286 1666 444 1744 ignemque
464 1679 569 1727 ruunt:
590 1686 673 1727 amor
693 1667 831 1726 omnibus
851 1666 939 1728 idem.

113 1749 269 1823 Tempore
289 1766 350 1806 non
372 1747 430 1806 alio
452 1748 614 1808 catulorum
635 1747 728 1808 oblita
748 1747 853 1806 leaena
1054 1763 1109 1826 245

115 1829 238 1887 Saevior
259 1827 363 1887 erravit
383 1826 505 1903 campis
527 1847 584 1887 nec
603 1829 706 1888 funera
725 1829 813 1904 volgo

114 1908 195 1966 Tam
218 1910 310 1966 multa
329 1908 469 1967 informes
490 1907 549 1966 ursi
569 1918 755 1984 stragemque
776 1909 886 1967 dedere

116 1989 176 2046 Per
195 1985 281 2046 silvas
292 2008 302 2061 3
322 1997 386 2046 tum
406 2006 509 2047 saevus
529 2006 607 2063 aper,
629 1998 692 2046 tum
713 1986 842 2063 pessima
861 1985 940 2063 tigris
950 2007 959 2061 3

117 2069 192 2125 Heu
212 2068 289 2127 male
310 2077 374 2126 tum
395 2067 506 2143 Libyae
527 2067 597 2127 solis
618 2078 730 2126 erratur
750 2067 781 2125 in
801 2065 884 2142 agris.

116 2149 230 2207 Nonne
250 2145 339 2218 vides,
362 2157 394 2206 ut
415 2158 478 2207 tota
498 2159 605 2207 tremor
626 2157 803 2223 pertemptet
824 2165 968 2222 equomm
1054 2167 1068 2203 2
1073 2163 1111 2224 50

116 2228 261 2302 Corpora,
283 2228 307 2286 si
328 2237 444 2287 tanturn
464 2239 550 2287 notas
571 2229 647 2288 odor
666 2227 765 2286 attulit
784 2228 894 2285 auras?

114 2310 165 2366 Ac
183 2326 282 2383 neque
302 2327 353 2368 eos
374 2307 433 2366 iam
453 2309 536 2367 frena
555 2306 650 2366 virum
671 2325 768 2382 neque
788 2307 910 2366 verbera
930 2325 1026 2379 saeva,

116 2390 190 2447 Non
211 2388 324 2464 scopuli
344 2406 493 2464 rupesque
512 2406 603 2446 cavae
623 2398 712 2462 atque
733 2386 850 2446 obiecta
870 2389 1019 2447 retardant

115 2465 255 2526 Flumina
274 2478 484 2544 correptosque
503 2468 585 2528 unda
604 2467 772 2544 torquentia
791 2477 915 2526 montes.

116 2549 189 2624 Ipse
208 2547 265 2606 ruit
285 2548 449 2623 dentesque
469 2547 630 2607 Sabellicus
652 2547 766 2606 exacuit
786 2566 844 2619 sus,
1051 2568 1066 2604 2
1073 2564 1086 2622 5
1092 2562 1108 2622 5

115 2629 157 2686 Et
176 2629 254 2703 pede
274 2628 438 2704 prosubigit
458 2638 572 2698 terram,
594 2626 677 2686 fricat
697 2630 800 2687 arbore
821 2637 926 2701 costas,

113 2710 216 2782 Atque
237 2706 308 2766 hinc
327 2718 415 2784 atque
436 2706 517 2766 illinc
538 2726 656 2767 umeros
677 2708 716 2766 ad
736 2709 856 2767 volnera
876 2707 969 2767 durat.

116 2788 201 2863 Quid
219 2785 341 2858 iuvenis,
363 2806 503 2864 magnum
524 2785 572 2846 cui
592 2798 688 2846 versat
708 2787 740 2845 in
759 2786 875 2846 ossibus
896 2786 995 2862 ignem

116 2869 218 2926 Durus
238 2871 342 2928 amor?
361 2886 470 2943 nempe
491 2868 622 2942 abruptis
642 2868 759 2926 turbata
778 2865 916 2942 procellis

117 2949 217 3007 Nocte
237 2958 319 3006 natat
340 2966 429 3006 caeca
449 2967 529 3007 serus
550 2949 641 3020 freta;
661 2965 751 3022 quem
772 2965 860 3022 super
878 2945 982 3024 ingens
1052 2949 1109 3004 260

116 3030 206 3087 Porta
226 3038 311 3087 tonat
332 3027 405 3088 caeli
427 3038 457 3086 et
477 3029 605 3103 scopulis
625 3026 711 3086 inlisa
730 3029 891 3086 reclamant

114 3111 271 3183 Aequora3
292 3126 349 3167 nec
369 3106 466 3166 miseri
486 3118 610 3184 possunt
629 3125 766 3166 revocare
787 3117 923 3183 parentes

117 3190 183 3247 Nec
204 3186 344 3248 moritura
364 3206 452 3264 super
472 3187 583 3247 crudeli
602 3189 705 3247 funere
725 3188 814 3262 virgo.

116 3267 199 3342 Quid
218 3268 319 3344 lynces
340 3266 449 3326 Bacchi
469 3266 565 3326 variae
586 3278 615 3325 et
635 3286 729 3342 genus
749 3285 815 3324 acre
836 3268 972 3340 luporum

116 3351 214 3428 Atque
228 3349 361 3406 canum?
381 3346 464 3424 quid,
479 3365 555 3424 quae
568 3345 692 3404 inbelles
707 3345 779 3403 dant
792 3346 904 3420 proelia
917 3341 1016 3401 cervi?
1051 3345 1106 3413 265
