2462 3678
384 897 417 963 P.
446 899 640 964 VERGILI
671 895 890 961 MARONIS

320 1095 948 1187 AENEIDOS

457 1313 581 1370 LIBER
609 1313 806 1372 DECIMUS·

145 1743 312 1832 Pnnnrrun
332 1769 442 1831 interea
462 1772 567 1831 domus
591 1766 797 1846 omnipotentis
822 1767 949 1846 Olympi,

145 1851 366 1926 Conciliumque
388 1861 472 1909 vocat
494 1849 592 1909 divom
615 1861 697 1924 pater
719 1859 805 1923 atque
826 1848 977 1906 hominum
1000 1868 1052 1908 rex

144 1928 290 1988 Sideream
313 1929 344 1986 in
365 1929 473 2000 sedem,
496 1938 584 1987 terras
605 1929 684 1986 unde
705 1928 811 1986 arduus
832 1944 942 1996 omnes,

144 2009 303 2081 Castraque
326 2007 525 2065 Dardanidum
546 2008 704 2094 adspectat,
728 2006 909 2094 populosque
934 2004 1066 2065 Latinos

145 2086 308 2144 Considunt
330 2084 413 2143 tectis
434 2084 650 2174 bipatentibus.
677 2082 778 2158 incipit
799 2083 879 2158 ipse:
1109 2103 1127 2160 5

184 2164 363 2223 ‘Caelicolae
384 2164 489 2238 magni,
513 2163 657 2252 quianam
670 2160 814 2221 sententia
834 2159 917 2220 vobis

144 2243 252 2300 ‘Versa
272 2251 356 2313 retro,
380 2251 548 2317 tantumque
569 2241 673 2299 animis
694 2240 809 2299 certatis
830 2239 958 2328 iniquis?

144 2321 326 2378 ‘Abnueram
348 2320 426 2378 bello
449 2320 562 2378 ltaliam
584 2337 753 2378 concurrere
774 2316 900 2377 Teucris

143 2398 245 2470 ‘Quae
266 2409 367 2456 contra
386 2397 506 2456 vetitum
529 2398 694 2456 discordia?
720 2395 783 2471 quis
805 2407 898 2455 metus
919 2404 970 2453 aut
991 2397 1047 2455 hos

144 2477 219 2533 ‘Aut
239 2476 293 2534 hos
313 2493 392 2533 arma
412 2475 502 2551 sequi,
523 2477 684 2551 fenumque
704 2477 844 2533 lacessere
864 2475 974 2533 suasit?
1087 2497 1125 2534 ro

143 2555 302 2612 ‘Adveniet
325 2554 428 2611 iustum
450 2571 573 2629 pugnae,
594 2572 632 2611 ne
652 2553 795 2622 arcessite,
817 2564 938 2628 tempus,

142 2633 234 2691 ‘Cum
255 2633 315 2690 sera
336 2633 485 2706 Karthago
506 2631 647 2690 Romanis
667 2631 779 2689 arcibus
800 2631 869 2689 olim

142 2708 287 2769 ‘Exitium
309 2728 444 2786 magnum
466 2720 554 2785 atque
574 2712 663 2784 Alpes
683 2708 807 2767 inmittet
828 2721 957 2783 apertas·

142 2789 236 2846 ‘Tum
259 2799 367 2847 certare
389 2787 471 2858 odiis,
495 2800 555 2846 tuni
576 2806 621 2845 res
642 2787 770 2862 rapuisse
791 2785 897 2844 licebit

141 2867 247 2924 ‘Nunc
269 2865 370 2937 sinite,
394 2876 423 2923 et
446 2866 594 2939 placidum
617 2865 683 2923 laeti
706 2864 864 2939 conponite
887 2863 1119 2942 foedus315

180 2943 311 3019 Iuppiter
331 2946 403 3002 haec
422 2943 538 3017 pauciS,
562 2953 592 3003 at
612 2962 672 3002 non
693 2945 793 3001 Venus
814 2961 900 3000 aurea
920 2951 1022 3001 contra

140 3022 237 3080 Pauca
256 3024 356 3080 refert:

141 3101 185 3158 O
205 3109 295 3172 pater,
318 3118 336 3158 o
357 3100 507 3158 hominum
528 3047 683 3174 divomque
704 3108 821 3156 aeterna
841 3101 988 3172 potestas!

141 3177 292 3249 ‘Namque
313 3175 391 3234 aliud
413 3177 483 3251 quid
505 3177 549 3247 sit,
573 3177 650 3251 quod
673 3177 730 3233 iam
754 3175 897 3251 inplorare
919 3179 1080 3250 queamus?

140 3253 258 3311 ‘Cernis
281 3264 312 3311 ut
332 3255 469 3312 insultent
490 3255 598 3326 Rutuli,
621 3256 793 3328 Turnusque
813 3255 917 3312 seratur
1075 3275 1115 3316 20
