2468 3692
141 65 201 138 378
390 61 427 119 P.
461 61 651 121 VERGILI
670 61 883 123 MARONIS

144 189 336 246 ‘Teucrorum
356 197 407 246 tua
425 189 527 246 dextra
546 189 636 258 dedit,
656 189 822 263 passimque
841 189 969 264 tropaeis
1059 191 1113 264 385

144 265 287 341 ‘Insignis
306 285 397 340 agros
439 267 535 324 Possit
553 267 626 341 quid
644 267 743 324 vivida
760 268 858 338 virtus,

145 345 318 418 ‘Experiere
338 343 424 402 lieet:
442 363 499 402 nec
517 346 607 419 louge
625 345 736 402 scilicet
754 346 853 403 hostes

144 423 329 496 ‘Quaerendi
348 422 452 494 nobis;
471 423 657 480 circumstant
676 423 805 498 undique
824 443 930 482 muros

145 502 245 558 ‘lmus
264 499 295 558 in
313 500 572 575 adversos-quid
591 503 709 558 cessas?
727 520 767 558 an
786 501 840 560 tibi
861 504 981 560 Mavors

145 579 293 637 ‘Ventosa
312 577 341 635 in
362 579 460 654 lingua
480 579 662 654 pedibusque
681 579 832 654 fugacibus
850 579 913 637 istis
1062 599 1116 654 390
1210 621 1211 624 η

145 657 281 730 ‘Semper
300 657 374 716 erit?

145 735 267 792 ‘Pulsus
285 737 362 809 ego?
380 745 430 793 aut
450 735 602 810 quisquam
621 735 734 806 merito,
754 734 930 808 foedissime,
949 737 1066 811 pulsum

144 814 278 886 ‘Arguet
300 811 391 871 Iliaco
410 815 552 872 tumidum
573 814 623 888 qui
642 833 769 872 crescere
789 814 930 888 Th5brim

146 889 315 966 ‘Sanguine
337 901 367 949 et
388 891 516 950 Euandri
535 903 627 950 totam
647 911 714 949 cum
733 892 821 966 stirpe
841 892 952 950 videbit

146 969 353 1028 ‘Procubuisse
373 971 501 1040 domum,
521 983 609 1044 atque
629 982 731 1028 exutos
751 971 880 1028 Armdas
899 969 1010 1030 armis?
1060 989 1116 1047 395

144 1047 253 1104 ‘Haud
272 1045 313 1104 ita
332 1066 380 1106 me
400 1048 509 1122 experti
530 1048 619 1106 Bitias
638 1059 669 1105 et
689 1050 838 1106 Pandarus
857 1048 970 1123 ingens,

140 1127 155 1197 ,‘
164 1126 202 1182 Et
221 1143 296 1199 quos
315 1125 393 1184 mille
414 1127 462 1183 die
481 1126 574 1184 victor
592 1127 647 1184 sub
668 1128 789 1183 Tartara
807 1126 881 1198 misi,

147 1203 296 1261 ‘Inclusus
314 1204 403 1262 muris
422 1203 578 1279 hostilique
597 1222 701 1279 aggere
720 1215 826 1278 septus

147 1283 182 1312 “‘
192 1281 280 1338 Nulla
300 1279 377 1340 salus
397 1283 501 1340 bello.”
542 1281 639 1356 Capiti
658 1301 730 1339 cane
750 1282 820 1339 talia
834 1283 955 1340 demens

146 1359 321 1429 ‘Dardanio‚
342 1362 486 1435 rebusque
506 1360 570 1420 tuis
612 1360 739 1418 Proinde
758 1361 857 1418 omnia
875 1379 983 1434 magno
1062 1382 1119 1433 400

146 1438 210 1494 ‘Ne
230 1455 312 1495 cessa
331 1441 445 1497 turbare
464 1450 553 1508 metu,
573 1450 662 1514 atque
682 1440 819 1496 extollere
837 1437 912 1496 vires

147 1515 266 1574 ‘Gentis
285 1516 331 1574 bis
350 1517 452 1588 victae,
471 1528 573 1575 contra
593 1535 723 1591 premere
742 1535 823 1572 arma
842 1515 947 1573 Latini.

146 1595 192 1651 ‘N
194 1612 252 1650 unc
264 1590 299 1652 'et
313 1595 531 1669 Myrmidonum
547 1613 681 1670 proceres
701 1595 825 1668 Phrygia
839 1613 920 1651 arma
932 1605 1117 1665 tremescunt,

146 1672 251 1729 ‘Nunc
270 1682 300 1730 et
320 1673 458 1747 Tydides,
480 1683 510 1731 et
530 1673 695 1731 Larissaeus
716 1673 862 1744 Achilles3

146 1749 265 1808 ‘Amnis
286 1761 315 1808 et
336 1751 498 1809 Hadriacas
517 1761 593 1810 retro
606 1751 678 1826 sugit
696 1751 819 1808 Aufidus
837 1751 939 1808 undas
1061 1767 1117 1826 405
1210 1839 1211 1846 ἵ

144 1829 219 1886 ‘Vel
240 1847 329 1903 quum
349 1847 381 1887 se
400 1829 538 1904 pavidum
558 1840 659 1886 contra
678 1846 744 1885 mea
763 1827 854 1902 iurgia
873 1829 955 1902 fingit

145 1907 286 1965 ‘Artificis
298 1909 408 1977 scelus,
430 1918 459 1966 et
479 1907 631 1966 formidine
651 1905 760 1964 crimen
779 1908 896 1964 acerbat
905 1927 914 1976 ;

145 1987 321 2059 ‘Nunquam
340 1985 466 2043 animam
486 1987 573 2044 talem
594 1987 694 2044 dextra
713 1984 914 2042 hac-absiste
935 1985 1087 2042 moveri-

147 2063 304 2136 ‘Amittes;
324 2062 436 2122 habitet
456 2075 561 2136 tecum,
583 2075 611 2122 et
632 2063 669 2121 sit
688 2073 805 2137 pectore
825 2062 856 2118 in
876 2061 939 2120 isto.

146 2143 191 2198 ‘N
194 2161 250 2199 unc
270 2142 308 2199 ad
328 2151 366 2213 te,
387 2153 416 2200 et
436 2153 486 2200 tua
505 2161 617 2218 magna,
639 2151 730 2215 pater,
752 2142 884 2198 consulta
903 2150 1038 2199 revertor.
1061 2159 1121 2210 410
1210 2183 1211 2214 ÷

148 2219 193 2278 ‘Si
213 2220 320 2278 nullam
340 2221 445 2279 nostris
465 2222 539 2279 ultra
559 2239 640 2295 spem
660 2219 745 2293 ponis
765 2218 794 2274 in
815 2218 910 2288 armis,

147 2297 192 2356 ‘Si
213 2308 272 2356 tam
293 2297 397 2357 deserti
418 2317 523 2369 sumus,
545 2310 575 2356 et
595 2299 684 2356 semel
704 2295 819 2372 agmine
838 2314 921 2354 verso

147 2376 306 2435 ‘Funditus
327 2376 499 2448 occidimus,
520 2395 616 2451 neque
636 2377 724 2432 habet
743 2376 858 2432 fortuna
875 2391 1036 2448 regressum
1043 2393 1056 2450 3

148 2455 288 2514 ‘Oremus
307 2473 419 2529 pacem,
440 2465 470 2514 et
490 2456 603 2513 dextras
624 2454 776 2512 tendamus
796 2451 910 2510 inertes.

148 2533 340 2607 ‘Quanquam
361 2550 387 2603 ο,
410 2533 433 2591 si
453 2531 554 2592 solitae
574 2532 733 2607 quidquam
753 2529 864 2588 virtutis
883 2530 1006 2598 adesset,
1064 2547 1123 2606 415

148 2612 220 2669 ‘Ille
239 2609 308 2668 mihi
329 2620 395 2669 ante
416 2611 487 2670 alios
507 2611 725 2684 fortunatusque
745 2609 885 2678 laborum,

147 2689 360 2765 ‘Egregiusque
380 2689 476 2758 animi,
499 2689 557 2764 qui,
578 2707 615 2746 ne
636 2689 707 2762 quid
728 2688 784 2744 tale
804 2685 923 2754 videret,

148 2767 321 2825 ‘Procubuit
341 2767 475 2838 moriens,
497 2777 527 2824 et
546 2768 666 2823 humum
686 2766 776 2823 semel
796 2782 845 2821 ore
866 2761 1033 2821 momordit.

148 2843 215 2903 ‘Sin
234 2854 264 2902 et
283 2863 354 2919 opes
374 2844 466 2915 nobis,
489 2855 519 2902 et
538 2845 635 2904 adhuc
654 2842 763 2900 intacta
781 2840 922 2910 iuventus,

148 2919 337 2996 ‘Auxilioque
357 2923 442 2980 urbes
463 2923 554 2981 Italae
574 2921 732 2996 populique
753 2929 924 2994 supersunt;
1067 2939 1128 2993 420

149 2997 215 3053 ‘Sin
235 3008 264 3055 et
284 2999 416 3056 Troianis
437 3017 503 3056 cum
524 3001 615 3057 multo
635 2999 725 3073 gloria
744 2997 823 3056 venit

149 3072 327 3145 ‘Sanguine3
347 3085 414 3132 sunt
433 3075 489 3133 illis
509 3094 561 3134 sua
579 3078 687 3145 funera,
709 3093 819 3149 parque
840 3092 892 3149 per
912 3091 1016 3134 omnes

149 3145 337 3230 ‘Tempestas
348 3169 356 3217 3
376 3168 426 3205 cur
445 3150 596 3211 indecores
616 3152 647 3209 in
667 3151 765 3210 limine
786 3151 879 3226 primo

149 3219 344 3280 ‘Deficrmusl
364 3238 502 3286 curante
522 3231 622 3287 tubam
642 3240 749 3288 tremor
769 3239 896 3304 occupat
916 3233 1020 3292 artus?
