2460 3686
376 84 616 144 AENEIDOS
641 87 727 144 LIB.
757 87 821 145 III.

81 207 245 284 Deripere
266 225 463 282 excussosque
483 205 567 267 iubet
586 208 683 267 laxare
703 209 850 270 rudentes.

79 291 245 348 Tendunt
264 290 330 348 vela
350 287 413 346 noti
423 308 431 360 3
458 288 576 347 fen'mur
596 289 803 365 spumantibus
824 289 921 365 undis,

81 370 170 444 Qua
193 389 309 428 cursum
330 379 495 444 ventusque
515 371 751 444 gubernatorque
771 371 903 431 vocabat

81 452 166 508 Iam
190 449 289 508 medio
310 459 441 524 apparet¹
454 450 545 508 fluctu
565 469 722 508 nemorosa
742 451 908 528 Zacynthos

81 529 335 606 Dulichiumque
355 530 501 605 Sameque
522 539 552 588 et
573 529 693 589 Neritos
713 531 805 590 ardna
825 531 909 592 saxis.

82 610 270 686 Effugimus
291 611 429 685 scopulos
451 610 581 682 Ithacae,
603 610 719 669 Laertia
739 630 837 686 regna,

84 693 135 750 Et
163 702 270 762 terram
290 689 421 749 altn'cem
442 690 521 748 saevi
541 709 710 749 execramur
731 691 819 749 Ulixi.

86 773 182 829 Mox
202 782 232 829 ct
252 772 399 828 Leucatae
420 770 555 828 nimbosa
576 770 730 829 cacumina
750 770 859 832 montis

86 855 137 910 Et
159 849 337 910 formidatus
358 850 455 908 nautis
475 849 601 926 aperitur
621 853 739 926 Apollo

88 935 200 990 Hunc
220 931 346 1006 petimus
366 930 435 988 fessi
456 941 485 989 et
505 950 612 1005 parvae
633 931 818 990 succedimus
838 931 922 1005 urbi;

87 1016 224 1070 Ancora
245 1012 283 1069 de
302 1029 389 1086 prora
408 1009 520 1081 iacitur,
541 1021 620 1069 stant
639 1011 724 1070 litore
745 1030 869 1088 puppes

143 1095 226 1167 Ergo
247 1090 394 1166 insperata
414 1091 534 1148 tandem
556 1093 657 1150 tellure
678 1092 764 1167 potiti

90 1176 336 1245 Lustramurque
357 1171 423 1229 lovi
443 1170 579 1246 votisque
599 1171 764 1231 incedimus
784 1190 849 1232 aras

93 1252 252 1328 Actiaque
273 1250 371 1310 Iliacis
392 1252 575 1310 celebramus
594 1251 680 1310 litora
701 1251 786 1311 ludis.

95 1337 254 1392 Exercent
275 1331 382 1407 patrias
403 1332 470 1390 oleo
492 1332 610 1391 labente
630 1333 789 1407 palaestras

97 1413 220 1472 Nudati
236 1411 332 1486 socii3
358 1410 439 1470 iuvat
460 1411 586 1471 evasisse
606 1422 651 1471 tot
670 1415 758 1472 urbes

99 1492 266 1570 Argolicas,
287 1491 461 1567 mediosque
482 1493 582 1567 fugam
602 1492 732 1552 tenuisse
752 1513 806 1569 per
824 1494 932 1556 hostes.

100 1577 226 1634 Interea
246 1591 385 1649 magnum
406 1573 451 1631 sol
472 1571 708 1631 circumvolvitur
727 1593 847 1646 annum,

101 1657 148 1714 Et
168 1652 299 1730 glacialis
319 1651 435 1728 hiemps
455 1651 653 1727 Aquilonibus
674 1666 788 1729 asperat
809 1657 922 1717 undas:

101 1739 185 1794 Aere
207 1753 281 1792 cavo
302 1732 440 1808 clipeum,
463 1731 562 1810 magni
582 1744 733 1808 gestamen
754 1735 889 1809 Abantis,

103 1813 247 1874 Postibus
267 1811 396 1873 adversis
416 1815 474 1889 figo
496 1825 526 1872 et
545 1833 607 1872 rem
629 1815 759 1873 carmine
780 1815 863 1890 signo

104 1901 248 1954 ‘annuas
270 1910 354 1952 nuuc
375 1910 418 1950 nn
438 1909 554 1951 bunius
576 1911 759 1953 vrcronraus
779 1898 886 1955 xxua'

104 1975 258 2052 Linquere
278 1985 342 2033 tum
363 1983 465 2048 portus
486 1973 574 2032 iubeo
596 1986 626 2033 et
646 1975 801 2034 considere
821 1975 959 2035 transtris

104 2053 253 2118 Certatim
275 2054 348 2114 socii
368 2052 475 2112 feriunt
495 2073 575 2112 mare
596 2065 626 2113 et
647 2073 777 2129 aequora
796 2067 922 2114 verrunt.
1047 2074 1104 2129 290

105 2135 249 2196 Protinus
269 2134 363 2194 aerias
386 2135 553 2192 Phaeacum
574 2134 785 2194 abscondimus
806 2155 888 2194 arces

105 2216 270 2292 Litoraque
291 2214 372 2291 Epiri
393 2213 517 2290 legimus
537 2227 684 2290 portuque
704 2215 838 2274 subimus

107 2296 248 2359 Chaonio
269 2305 298 2354 et
318 2297 428 2354 celsam
450 2293 584 2354 Buthroti
604 2295 772 2354 accedimus
793 2299 903 2357 urbem.

152 2376 215 2435 Hic
235 2375 414 2434 incredibilis
434 2395 530 2434 rerum
551 2377 630 2434 fama
649 2387 776 2452 occupat
797 2396 890 2449 aures,

109 2455 281 2517 Priamiden
304 2457 456 2514 Helenum
477 2456 580 2516 Graias
600 2474 721 2531 regnare
741 2476 793 2533 per
813 2459 918 2532 urbes;
1049 2475 1104 2533 295

108 2539 260 2613 Coniugio
280 2535 430 2596 Aeacidae
451 2537 551 2611 Pyrrhi
572 2535 752 2612 sceptrisque
773 2541 909 2614 potitum,

110 2621 153 2678 Et
173 2617 273 2693 patrio
289 2618 516 2676 Andromachen
539 2615 645 2675 iterum
665 2617 787 2678 cessisse
808 2618 920 2677 marito.

113 2697 261 2774 Obstipui,
283 2696 417 2772 miroque
437 2696 590 2756 incensum
611 2708 714 2772 pectus
734 2717 832 2758 amore

112 2778 301 2854 Compellare
321 2777 416 2836 virum
438 2790 467 2836 et
487 2796 573 2836 casus
593 2796 772 2852 cognoscere
792 2788 899 2840 tantos

113 2858 288 2934 Progredior
307 2868 402 2934 portu,
425 2859 533 2916 classes
554 2867 583 2916 et
602 2857 688 2916 litora
708 2856 855 2932 linquens,
1049 2875 1107 2933 300

114 2940 279 2999 Sollemnes
300 2958 370 2997 curn
390 2941 465 2997 forte
486 2939 579 3012 dapes
600 2947 630 2996 et
650 2935 741 2995 tristia
761 2938 841 2996 dona

115 3022 195 3079 Ante
215 3019 317 3078 urbem
340 3017 371 3077 in
390 3019 459 3076 luco
480 3017 544 3075 salsi
565 3015 722 3076 Simoentis
742 3018 781 3081 ad
803 3016 914 3075 undam

116 3097 242 3158 Libabat
263 3097 353 3157 cineri
374 3099 583 3157 Andromache
604 3116 766 3173 manesque
785 3100 913 3157 vocabat

118 3181 302 3237 Hectoreum
323 3179 362 3236 ad
382 3179 536 3250 tumulum,
552 3177 636 3236 viridi
654 3196 743 3253 quern
764 3177 893 3253 caespite
913 3178 1031 3238 inanem

119 3259 157 3316 Et
177 3257 317 3332 geminas
339 3277 459 3316 causam
479 3257 615 3329 lacrimis
637 3269 800 3316 sacraverat
821 3277 893 3314 aras,
1053 3273 1109 3328 305

120 3338 164 3397 Ut
184 3355 232 3395 me
251 3337 408 3412 conspexit
427 3335 595 3396 venientem
617 3346 647 3395 et
667 3339 757 3394 Troia
776 3335 887 3394 circum
