2460 3686
421 85 659 148 AENEIDOS
676 87 761 146 LIB.
783 88 828 145 II.
1056 90 1110 165 189

102 214 163 275 ‘O
185 211 266 289 socii,
290 233 348 290 qua
368 212 480 290 prima,'
500 213 605 290 inquit,
628 215 762 274 ‘fortuna
782 211 884 274 salutis
912 229 916 238 ·

103 297 285 354 ‘Monstrat
304 294 368 367 iter,
390 313 507 370 quaque
529 295 660 354 ostendit
680 313 713 354 se
733 295 842 365 denua,
865 311 1041 370 sequamur:

103 376 289 434 ‘Mutemus
309 374 429 450 clipeos
452 376 651 451 Danaumque
671 373 796 450 insignia
816 374 903 434 nobis

103 456 289 530 ‘Aptemus
332 456 428 514 Dolus
448 473 487 514 an
507 455 606 525 virtus,
628 453 693 531 quis
713 454 745 513 in
764 455 850 514 hoste
869 453 1020 531 requirat?
1054 472 1112 531 390

105 537 226 593 ‘Arma
247 536 361 594 dabunt
381 533 456 610 ipsi!
496 535 545 595 Sic
565 535 640 594 satus
661 533 770 595 deinde
790 545 959 594 comantem

104 613 270 690 Androgei
290 616 406 690 galeam
427 613 573 691 clipeique
593 615 708 690 insigne
728 616 869 674 decorum

106 694 263 764 Induitur,
285 693 427 770 laterique
447 693 587 770 Argivom
607 695 816 763 accommodat
836 713 947 754 ensem.

108 775 189 832 Hoc
211 773 355 850 Rhipeus,
377 775 435 834 hoc
454 773 518 850 ipse
539 775 660 850 Dymas,
680 774 835 850 omnisque
856 773 992 834 iuventus

107 855 210 912 Laeta
229 853 316 928 sacit;
343 853 444 930 spoliis
464 873 497 915 se
517 854 643 931 quisque
662 854 829 914 recentibus
849 867 951 914 armat.
1052 868 1110 929 395

106 933 262 993 Vadimus
283 933 398 994 inmixti
418 933 532 993 Danais
552 935 632 993 haud
652 933 774 994 numine
795 945 905 1008 nostro,

109 1015 273 1089 Multaque
293 1033 346 1090 per
365 1033 485 1074 caecam
505 1013 654 1090 congressi
673 1013 786 1090 proelia
805 1026 925 1074 noctem

109 1093 307 1154 Conserimus
317 1115 327 1166 3
348 1097 456 1154 multos
478 1097 616 1154 Danaum
636 1093 819 1154 demittimus
839 1096 926 1155 Orco.

108 1171 282 1250 Diffugiunt
302 1173 351 1232 alii
371 1176 410 1235 ad
431 1194 529 1246 naves,
551 1186 580 1234 et
601 1173 687 1234 litora
706 1193 792 1234 cursu

108 1251 190 1312 Fida
210 1264 333 1329 petunt;
351 1273 417 1330 pars
437 1254 586 1331 ingentem
606 1254 763 1315 formidine
783 1251 859 1330 turpi
1047 1273 1111 1327 400

109 1333 270 1393 Scandunt
288 1353 386 1394 rursus
406 1353 525 1411 equom,
547 1346 577 1394 et
597 1345 669 1394 nota
689 1334 857 1394 conduntur
876 1332 1002 1394 inalvo.

156 1416 248 1474 ‘Heu
267 1413 341 1472 nihil
361 1413 459 1474 invitis
479 1415 522 1474 sas
543 1433 721 1491 quemquam
742 1415 833 1474 fidere
853 1413 946 1475 divis!

114 1495 199 1552 Ecce
219 1494 388 1554 trahebatur
407 1493 501 1570 passis
522 1493 667 1554 Priameia
686 1493 768 1571 virgo

109 1572 255 1634 Crinibus
275 1593 293 1633 a
313 1576 425 1648 templo
446 1574 615 1634 Cassandra
634 1575 788 1650 adytisque
809 1573 971 1648 Minervae,

110 1654 164 1712 Ad
185 1655 299 1712 caelum
319 1656 444 1714 tendens
465 1655 598 1714 ardentia
617 1655 729 1714 lumina
748 1656 860 1729 smstra,
1051 1671 1108 1730 405

112 1732 251 1804 Lumina,
272 1753 342 1792 nam
363 1744 477 1794 teneras
497 1736 637 1794 arcebant
657 1734 774 1793 vincula
793 1736 913 1809 palmas.

111 1814 187 1873 Non
208 1813 274 1872 tulit
293 1815 371 1873 hanc
391 1813 520 1889 speciem
542 1813 646 1874 furiata
665 1826 766 1874 mente
785 1816 949 1888 Coroebus,
1016 1832 1018 1837 ·

112 1895 156 1952 Et
177 1912 241 1953 sese
260 1895 392 1953 medium
413 1893 513 1954 iniecit
533 1894 677 1969 periturus
698 1894 729 1953 in
749 1913 863 1970 agmen.

112 1971 333 2049 Consequimur
352 1973 451 2033 cuncti
471 1985 501 2034 et
521 1974 622 2035 densis
641 1973 814 2034 incurrimus
833 1972 929 2032 armis.

112 2053 179 2112 Hic
198 2053 325 2129 primum
346 2074 382 2113 ex
402 2056 462 2113 alto
483 2053 597 2115 delubri
618 2053 747 2113 culmine
767 2052 832 2114 telis
1051 2072 1109 2125 410
1191 2078 1195 2084 ·

112 2134 291 2192 Nostrorum
311 2134 469 2205 obruimur,
490 2133 639 2210 oriturque
659 2132 820 2194 miserrima
839 2134 946 2192 caedes

111 2216 273 2271 Armomm
293 2213 369 2273 facie
389 2224 419 2272 et
440 2213 593 2276 Graiarum
614 2233 710 2274 errore
731 2212 875 2273 iubarum.

110 2295 195 2352 Tum
216 2293 314 2352 Danai
333 2293 445 2370 gemitu
465 2305 555 2370 atque
575 2304 694 2370 ereptae
707 2292 825 2370 virginis
846 2292 889 2352 ira

111 2371 258 2449 Undique
277 2372 393 2433 collecti
412 2373 563 2448 invadunt,
586 2373 743 2434 acerrimus
763 2372 847 2445 Aiax,

112 2454 155 2512 Et
173 2451 283 2530 gemini
304 2452 433 2525 Atridae,
457 2456 669 2530 Dolopumque
690 2453 832 2514 exercitus
853 2450 968 2515 omnis:
1049 2469 1106 2529 415

64 2532 67 2536 ’
111 2531 239 2592 Adversi
259 2543 346 2610 mpto
366 2553 421 2593 ceu
443 2536 595 2610 quondam
616 2533 733 2595 turbine
752 2533 833 2594 venti

112 2611 293 2690 Confligunt,
315 2615 531 2690 Zephyrusque,
554 2616 719 2690 Notusque,
741 2626 771 2675 et
791 2616 884 2674 laetus
906 2615 978 2674 Eois

112 2693 210 2752 Eurus
231 2691 327 2769 equis:
355 2693 482 2753 stridunt
502 2693 601 2768 silvae,
623 2697 774 2772 saevitque
793 2694 912 2754 tridenti

111 2774 259 2848 Spumeus
279 2784 368 2850 atque
387 2773 449 2833 imo
470 2775 584 2835 Nereus
604 2774 662 2834 ciet
682 2792 812 2850 aequora
830 2774 930 2833 fundo.

112 2853 162 2912 Illi
183 2851 281 2924 etiam,
303 2854 328 2913 si
349 2872 424 2928 quos
444 2856 570 2914 obscura
591 2865 679 2913 nocte
698 2871 751 2929 per
771 2854 906 2912 umbram
1045 2871 1104 2924 420

111 2932 257 2992 Fudimus
276 2931 398 3005 insidiis,
420 2944 541 3009 totaque
562 2931 734 3008 agitavimus
755 2933 836 3003 urbe,

111 3014 281 3088 Adparent;
308 3013 395 3090 primi
415 3012 526 3089 clipeos
547 3010 729 3087 mentitaque
749 3012 808 3071 tela

111 3093 316 3170 Adgnoscunt,
339 3105 427 3170 atque
448 3111 499 3152 ora
519 3109 594 3152 sono
614 3089 761 3150 discordia
781 3088 904 3167 signant

113 3172 199 3233 Ilicet
219 3172 370 3233 obruimur
389 3190 525 3233 numero:
555 3171 726 3249 primusque
747 3172 901 3234 Coroebus

114 3253 236 3314 Penelei
254 3253 358 3314 dextra
378 3251 475 3313 Divae
495 3252 699 3328 armipotentis
719 3252 758 3312 ad
778 3271 858 3312 aram
1047 3265 1104 3324 4²5

113 3332 285 3395 Procumbit
291 3353 300 3406 3
328 3331 409 3392 cadit
429 3342 459 3392 et
481 3331 626 3408 Rhipeus,
646 3331 823 3391 iustissimus
844 3347 920 3388 unus
