2494 3702
422 84 697 172 GEQRGJCON
710 87 795 144 ΜΒ.
818 89 844 144 I.
1046 109 1098 148 111

110 217 139 274 N
143 234 201 274 unc
224 225 314 290 caput
338 211 486 272 obiectare
510 212 600 283 fretis,
624 231 704 271 nunc
727 231 842 273 currere
863 213 893 273 in
915 218 1011 277 undas

110 298 150 354 Et
174 295 274 354 studio
296 292 444 353 incassum
466 292 567 351 videas
589 293 696 369 gestire
720 295 846 354 lavandi.

108 377 189 434 Tum
212 374 314 434 cornix
336 375 426 450 plena
450 372 581 449 pluviam
605 382 692 432 vocat
715 372 853 449 improba
877 395 951 436 voce

109 458 148 514 Et
171 458 235 516 sola
258 454 289 513 in
311 454 390 514 sicca
414 473 514 513 secum
539 453 681 529 spatiatur
704 454 820 512 harena

108 538 157 596 Ne
183 547 329 596 nocturna
353 533 474 609 quidem
497 546 652 609 carpentes
675 553 769 610 pensa
791 537 908 610 puellae
1042 558 1101 615 390

47 665 54 670 .
94 616 270 692 ¹Nescivere
291 615 429 686 hiemem,
455 624 531 674 testa
552 633 621 672 cum
643 615 765 674 ardente
789 615 922 675 viderent

81 696 274 757 ,Scintillare
298 697 397 755 oleum
421 706 451 754 et
473 706 572 770 putres
596 713 785 754 concrescere
809 697 922 772 fungos.

148 781 215 836 Nec
238 775 334 834 minus
359 795 395 834 ex
417 774 503 834 imbri
527 776 604 834 soles
629 786 658 834 et
680 785 781 850 aperta
804 794 906 835 serena

106 857 282 933 Prospicere
305 866 335 915 et
357 855 444 915 certis
466 855 578 930 poteris
600 873 780 931 cognoscere
802 854 909 931 signis:

107 940 188 997 Nam
213 956 310 1012 neque
334 947 398 996 tum
420 935 510 995 stellis
532 933 609 994 acies
632 937 759 995 obtunsa
781 935 903 1009 videtur,
1039 955 1095 1017 395

106 1020 175 1077 Nec
199 1017 293 1076 fratris
318 1015 407 1076 radiis
432 1015 562 1075 obnoxia
585 1035 702 1092 surgere
725 1019 818 1088 Luna,

79 1099 226 1167 ‚Tenuia
247 1117 304 1156 nec
326 1098 411 1156 lanae
433 1115 486 1172 per
507 1096 623 1154 caelum
647 1098 754 1155 vellera
774 1095 860 1170 ferri3

106 1180 180 1238 Non
205 1177 339 1254 tepidum
362 1177 401 1236 ad
424 1177 517 1235 solem
542 1175 648 1252 pinnas
671 1175 703 1234 in
726 1177 811 1235 litore
833 1179 969 1252 pandunt

106 1259 244 1318 Dilectae
267 1257 389 1317 Thetidi
413 1258 561 1332 alcyones,
586 1269 648 1314 n'on
672 1275 722 1316 ore
747 1258 858 1317 solutos

106 1338 260 1398 Immundi
282 1337 443 1397 meminere
466 1356 534 1397 sues
557 1335 665 1418 iactare
687 1336 838 1413 maniplos.
1038 1359 1097 1414 400

105 1423 146 1478 At
170 1420 297 1478 nebulae
321 1417 414 1494 magis
437 1416 497 1475 ima
518 1427 625 1492 petunt
649 1436 816 1494 campoque
838 1419 1021 1492 recumbunt,

106 1499 184 1560 Solis
209 1509 238 1558 et
260 1517 399 1558 occasum
421 1516 538 1556 servans
564 1498 602 1555 de
625 1499 756 1557 culmine
780 1517 918 1560 summo.

106 1578 299 1655 Nequiquam
319 1597 400 1637 seros
422 1588 536 1638 exercet
560 1587 669 1636 noctua
693 1575 805 1637 cantus.

105 1663 239 1736 Apparet
263 1658 376 1735 liquido
399 1657 532 1718 sublimis
555 1657 586 1714 in
607 1661 674 1717 aere
696 1659 794 1729 Nisus,

106 1743 147 1801 Et
171 1759 225 1816 pro
249 1758 397 1816 purpureo
421 1757 534 1815 poenas
559 1739 610 1796 dat
634 1740 730 1814 Scylla
753 1739 877 1815 capillo:
1035 1757 1092 1818 405

106 1823 305 1896 Quacumque
326 1819 376 1878 illa
398 1821 493 1878 levem
515 1817 630 1895 fugiens
654 1830 735 1878 secat
758 1821 877 1879 aethera
899 1819 1005 1896 pinnis,

106 1905 188 1961 Ecce
212 1899 348 1959 inimicus
370 1911 452 1958 atrox
473 1917 582 1974 magno
600 1899 724 1958 stridore
747 1919 801 1975 per
820 1920 905 1958 auras

105 1981 277 2057 Insequitur
301 1979 409 2052 Nisus;
437 1998 497 2054 qua
519 1998 551 2038 se
573 1981 628 2038 lert
649 1978 739 2038 Nisus
763 1981 801 2039 ad
826 1997 919 2051 auras,

105 2063 164 2120 Illa
186 2063 280 2120 levem
302 2059 417 2136 fugiens
439 2057 545 2134 raptim
570 2069 650 2117 secat
672 2060 790 2118 aethera
813 2059 920 2135 pinnis.

104 2144 186 2200 Tum
208 2140 334 2217 liquidas
357 2138 436 2199 corvi
458 2157 560 2215 presso
582 2150 626 2198 ter
643 2149 760 2214 gutture
783 2159 872 2198 voces
1036 2162 1094 2212 410

105 2226 166 2281 Aut
191 2233 293 2297 quater
316 2219 508 2296 ingeminant,
534 2230 563 2279 et
585 2238 673 2294 saepe
697 2219 842 2279 cubilibus
870 2219 935 2279 altis

105 2300 219 2366 Nescio
243 2321 302 2378 qua
323 2310 437 2376 praeter
461 2299 578 2359 solitum
604 2300 761 2359 dulcedine
785 2299 855 2360 laeti

105 2386 190 2460 Inter
213 2401 245 2441 se
269 2384 300 2440 in
323 2381 400 2440 soliis
423 2378 596 2456 strepitant3
622 2380 702 2439 iuvat
726 2381 869 2440 imbribus
891 2380 964 2440 actis

105 2461 282 2539 Progeniem
306 2480 428 2537 parvam
451 2461 612 2535 dulcesque
635 2460 759 2520 revisere
781 2461 885 2522 nidos:

6 2541 9 2548 '
105 2544 201 2603 Haud
224 2542 362 2619 equidem
387 2542 486 2613 credo,
512 2539 580 2616 quia
600 2539 637 2600 sit
659 2540 798 2600 divinitus
819 2541 876 2601 illis
1034 2558 1090 2619 415

106 2623 265 2701 Ingenium
288 2633 339 2681 aut
360 2637 457 2680 rerum
478 2622 540 2679 fato
562 2620 721 2696 prudentia
743 2621 853 2696 maior3

104 2706 216 2764 Verum
237 2703 288 2762 ubi
311 2712 471 2777 tempestas
495 2711 525 2760 et
545 2701 620 2760 caeli
642 2701 759 2761 mobilis
782 2721 868 2760 umor

105 2787 262 2844 Mutavere
285 2781 364 2842 vices
387 2793 418 2840 et
439 2781 573 2857 Iuppiter
595 2781 701 2841 uvidus
725 2781 842 2841 Austris

104 2867 221 2925 Denset
244 2873 327 2923 erant
351 2881 428 2937 quae
449 2880 512 2920 rara
533 2863 634 2933 modo,
659 2872 689 2921 et
712 2880 788 2937 quae
811 2863 904 2921 densa
923 2864 1042 2935 relaxat,

103 2948 265 3005 Vertuntur
286 2943 400 3019 species
424 2941 596 3015 animorum,
620 2952 651 3001 et
675 2952 796 3017 pectora
817 2954 914 3002 motus
1035 2963 1094 3016 420

104 3027 196 3085 Nunc
217 3023 299 3094 alios,
325 3022 399 3082 alios
424 3023 494 3081 dum
517 3022 619 3081 nubila
642 3032 748 3080 ventus
770 3023 884 3097 agebat,

104 3103 304 3180 Concipiunt:
332 3101 403 3162 hinc
427 3101 475 3161 ille
497 3101 596 3161 avium
621 3111 783 3161 concentus
804 3101 835 3160 in
857 3102 932 3179 agris

105 3189 145 3246 Et
166 3187 262 3244 laetae
286 3184 417 3260 pecudes
442 3192 472 3242 et
496 3192 618 3241 ovantes
640 3191 757 3257 gutture
781 3182 868 3240 corvi.

144 3263 175 3325 Si
196 3281 267 3324 vero
291 3265 385 3322 solem
409 3262 448 3320 ad
469 3261 605 3336 rapidum
629 3263 773 3335 lunasque
797 3270 955 3334 sequentes

105 3341 218 3409 Ordine
241 3341 389 3417 respicies,
413 3358 577 3413 numquam
598 3350 628 3398 te
652 3339 779 3396 crastina
801 3341 882 3396 fallet
1036 3354 1093 3412 425
