2442 3686
336 99 337 102 ’
363 89 604 148 AENEIDOS
627 90 712 147 LIB.
743 90 799 147 XI.
1016 92 1074 164 369

97 211 295 272 ‘Muneribus
301 233 310 284 ;
329 223 526 288 maestamque
548 213 675 272 Euandri
694 213 803 289 primus
823 213 861 273 ad
881 213 981 274 urbem

96 291 259 349 ‘Mittatur
278 293 381 362 Pallas,
403 311 489 366 quem
510 311 570 350 non
590 292 700 350 virtutis
721 304 853 367 egentem

96 369 252 428 ‘Abstulit
270 379 333 426 atra
352 369 423 440 dies,
444 380 474 428 et
493 371 592 428 sunere
613 371 711 428 mersit
729 371 853 430 acerbo'

143 448 192 507 Sic
211 447 251 505 ait
270 448 462 518 inlacrimans,
483 449 642 522 recipitque
662 450 701 507 ad
721 449 819 506 limina
838 468 983 524 gressum:

97 528 219 600 Corpus
238 526 289 584 ubi
309 525 434 583 exanimi
454 525 580 600 positum
597 527 735 584 Pallantis
755 530 880 586 Acoetes
1037 549 1075 604 30

97 606 240 664 Servabat
260 603 363 673 senior,
385 603 435 678 qui
455 605 605 662 Parrhasio
626 606 764 663 Euandro

97 681 235 756 Armiger
254 693 321 739 ante
341 681 412 752 fuit;
432 683 483 740 sed
504 701 564 739 non
584 683 714 741 felicibus
734 702 827 758 aeque

98 763 182 818 Tum
202 779 300 819 comos
320 759 454 834 auspiciis
474 779 541 818 caro
561 762 646 818 datus
666 761 726 819 ibat
746 763 870 820 alumno.

100 838 222 899 Circum
243 837 336 896 omnis
357 839 552 913 famulumque
573 857 676 896 manus
696 839 879 915 Troianaque
899 844 983 900 turba

100 920 142 975 Et
162 927 304 975 maestum
324 916 431 974 Iliades
451 915 559 974 crinem
579 918 617 975 de
637 936 717 976 more
737 920 855 977 solutae.
1035 937 1071 996 35

100 997 148 1054 Ut
166 1013 236 1053 vero
256 997 371 1052 Aeneas
390 993 499 1052 foribus
519 1013 582 1052 sese
602 994 699 1052 intulit
718 995 792 1066 altis,

101 1076 258 1148 Ingentem
278 1072 417 1147 gemitum
436 1071 527 1130 tunsis
547 1073 584 1130 ad
607 1072 699 1130 sidera
719 1076 824 1132 tollunt

101 1151 282 1222 Pectoribus,
296 1161 465 1224 maestoque
484 1150 606 1224 inmugit
629 1149 706 1225 regia
725 1153 812 1210 luctu.

101 1233 173 1304 Ipse
194 1239 281 1304 caput
300 1227 377 1286 nivei
396 1230 497 1287 fultum
520 1229 656 1286 Pallantis
676 1240 705 1286 et
725 1248 776 1287 ora

102 1311 149 1368 Ut
169 1307 249 1379 vidit,
270 1307 382 1380 levique
402 1318 505 1380 patens
525 1307 555 1364 in
575 1317 692 1381 pectore
711 1310 814 1366 volnus
1034 1331 1072 1383 40

100 1385 240 1461 Cuspidis
260 1385 415 1456 Ausoniae,
435 1384 559 1443 lacrimis
579 1384 619 1442 ita
638 1386 858 1451 faturobortis:
1125 1391 1132 1407 ⁸

99 1467 147 1522 ‘T
148 1467 220 1534 ene‚'
240 1463 341 1538 inquit,
365 1463 542 1522 ‘miserande
561 1482 640 1537 puer,
662 1483 751 1538 quum
771 1467 846 1524 laeta
865 1466 981 1541 veniret,

99 1542 231 1601 ‘Invidit
250 1543 364 1600 fortuna
383 1541 461 1612 mihi,
484 1561 521 1599 ne
540 1560 629 1615 regna
649 1543 761 1601 videres

101 1624 237 1692 ‘Nostra
258 1638 353 1694 neque
373 1621 411 1678 ad
432 1621 516 1678 sedes
535 1620 628 1678 victor
645 1623 780 1680 veherere
799 1628 954 1697 paternas?

101 1702 190 1758 ‘Non
210 1701 283 1756 haec
303 1700 441 1757 Euandro
461 1699 499 1756 de
519 1709 548 1756 te
568 1699 708 1772 promissa
726 1702 837 1773 parenti
1032 1721 1070 1780 45

99 1777 284 1843 ‘Discedens
304 1777 458 1835 dederam:
479 1795 567 1850 quum
588 1795 635 1835 me
655 1779 813 1852 conplexus
833 1789 948 1837 euntem

101 1855 251 1914 ‘Mitteret
270 1855 301 1912 in
320 1873 457 1930 magnum
476 1853 626 1928 inperium,
646 1865 836 1929 metuensque
856 1867 987 1916 moneret

99 1937 210 1992 ‘Acres
230 1952 293 1992 esse
313 1933 397 2002 viros,
419 1935 486 1990 c'um
506 1934 577 1990 dura
596 1933 705 2006 proelia
723 1944 817 2008 gente.

100 2014 159 2070 ‘Et
179 2030 257 2070 nunc
276 2011 325 2069 ille
345 2010 465 2085 quidem
484 2029 535 2084 spe
555 2013 678 2068 multum
698 2021 798 2086 captus
818 2010 897 2068 inani

100 2092 192 2148 ‘Fors
213 2100 243 2147 et
261 2099 331 2147 vota
350 2087 426 2159 lacit,
448 2090 632 2164 cumulatque
652 2089 752 2146 altaria
771 2090 855 2148 donis
860 2110 869 2161 ;
892 2129 895 2133 -
1034 2107 1071 2166 50

98 2171 184 2226 ‘Nos
204 2167 338 2225 iuvenem
358 2166 531 2238 exanimum,
553 2176 583 2224 et
601 2167 643 2224 nil
663 2166 720 2224 iam
740 2168 910 2226 caelestibus
930 2167 994 2226 ullis

98 2248 294 2315 ‘Debentem,
309 2263 385 2302 vano
399 2244 500 2302 maesti
514 2244 686 2302 comitamur
705 2245 823 2303 honore.

100 2323 234 2394 ‘Infelix,
255 2321 315 2380 nati
334 2324 419 2380 funus
439 2323 554 2380 cmdele
574 2321 703 2381 videbis!

100 2401 164 2460 ‘Hi
184 2401 275 2460 nostri
294 2399 410 2471 reditus,
433 2400 647 2474 exspectatique
667 2400 824 2476 triumphi?

99 2482 207 2538 ‘Haec
227 2498 292 2538 mea
311 2498 417 2554 magna
435 2480 528 2537 fides?
564 2481 604 2536 At
624 2497 692 2550 non,
714 2481 858 2550 Euandre,
879 2481 1023 2556 pudendis
1034 2499 1069 2558 55

99 2559 294 2616 ‘Volneribus
314 2559 429 2632 pulsum
449 2553 609 2630 adspicies:
629 2576 685 2614 nec
704 2559 811 2632 sospite
832 2559 924 2618 dirum

101 2635 245 2710 ‘Optabis
265 2646 335 2694 nato
355 2638 440 2693 funus
460 2646 549 2709 pater.
592 2635 652 2692 Hei
672 2635 751 2707 mihi,
773 2647 913 2709 quantum

101 2712 458 2786 ‘-PraesidiumAusonia,
479 2723 508 2771 et
528 2723 668 2787 quantum
688 2723 720 2770 tu
738 2713 844 2787 perdis,
866 2717 962 2774 Iulel’

141 2793 227 2850 Haec
247 2791 297 2850 ubi
317 2791 443 2860 deflevit,
463 2790 526 2849 tolli
545 2789 706 2848 miserabile
727 2809 830 2865 corpus

100 2873 228 2944 Inperat,
249 2879 280 2929 et
298 2880 361 2929 toto
382 2871 473 2927 lectos
494 2887 530 2927 ex
549 2867 663 2942 agmine
683 2867 770 2926 mittit
1033 2873 1071 2931 60

101 2948 185 3006 Mille
205 2947 289 3020 viros,
311 2948 361 3022 qui
382 2965 546 3022 supremum
567 2945 739 3004 comitentur
758 2947 906 3020 honorem,

101 3025 296 3100 Intersintque
316 3024 404 3100 patris
423 3024 564 3082 lacrimis:
584 3023 686 3082 solatia
705 3025 799 3083 luctus

101 3103 214 3178 Exigua
232 3103 366 3178 ingentis,
387 3103 492 3161 misero
513 3103 563 3162 sed
584 3101 683 3160 debita
703 3102 784 3176 patri

102 3183 193 3241 Haud
213 3199 316 3256 segnes
336 3179 385 3238 alii
405 3191 497 3238 crates
517 3191 546 3237 et
566 3181 653 3238 molle
673 3181 808 3239 feretrum

100 3258 235 3318 Arbuteis
254 3268 355 3317 texunt
374 3257 459 3331 virgis
479 3269 508 3315 et
528 3257 634 3316 vimine
655 3276 773 3331 quemn,

187 3389 211 3434 S.
226 3390 254 3430 V.
271 3389 291 3431 Ι.
