2462 3678
371 95 612 155 AENEIDOS
635 97 720 154 LIB.
754 98 840 154 VIII.
1038 118 1094 174 313

64 216 181 276 Hinc
202 218 240 276 ad
262 217 419 294 Tarpeiam
440 219 542 279 sedern
563 229 593 278 et
613 218 761 295 Capitolia
781 219 872 293 ducit,

66 297 198 356 Aurea
218 317 307 368 nunc,
329 299 401 357 olim
422 298 600 358 silvestribus
622 299 740 358 horrida
761 300 867 359 dumis

66 378 163 452 Iam
186 389 248 437 tum
269 377 371 455 religio
395 378 518 454 pavidos
538 380 664 439 terrebat
684 391 811 455 agrestes

67 457 171 516 Dira
191 457 268 531 loci;
292 457 352 516 iam
372 468 436 516 tum
457 458 560 518 silvam
581 479 744 535 saxumque
765 460 936 519 tremebant.
1038 478 1096 536 350

71 539 85 568 ‘
101 539 189 596 Hoc
209 556 323 608 nemus,
344 538 442 609 hunc,'
463 538 567 614 inquit,
590 541 748 599 ‘frondoso
768 539 876 598 vertice
897 540 1012 608 collem,

72 616 192 690 ‘Quis
213 618 286 676 deus
306 616 452 676 incertum
474 629 526 690 est,
549 619 664 678 habitat
684 621 775 693 deus;
796 620 927 678 Arcades
948 619 1044 694 ipsum

75 701 88 728 ‘
104 697 252 758 Credunt
272 715 304 755 se
324 696 433 756 vidisse
454 699 557 756 Iovem
578 718 648 756 cum
669 718 757 774 saepe
778 697 941 788 nigrantem

75 779 90 808 ‘
101 776 231 852 Aegida
250 787 421 835 concuteret
441 778 544 836 dextra
563 777 741 854 nimbosque
761 778 858 837 cieret

78 859 204 914 ‘Haec
225 857 286 915 duo
306 868 457 932 praeterea
477 856 608 916 disiectis
628 857 740 948 oppida
759 857 857 947 muris,
1037 875 1093 934 355

79 935 268 1011 ‘Reliquias
288 946 481 1012 veterumque
499 936 582 996 vides
603 937 787 996 monimenta
806 938 940 996 virorum
1146 925 1160 972 ⁹

77 1018 207 1076 ‘Hanc
228 1017 320 1074 Ianus
339 1027 431 1091 pater,
453 1018 530 1074 hanc
550 1019 691 1076 Saturnus
712 1017 847 1078 condidit
867 1036 983 1076 arcem:

83 1095 284 1154 ‘Ianiculum
305 1095 382 1169 huic,
405 1095 446 1154 illi
466 1098 560 1155 fuerat
580 1097 716 1157 Saturnia
736 1098 864 1156 nomen!

82 1175 221 1234 Talibus
241 1175 319 1234 inter
338 1194 370 1234 se
391 1175 477 1236 dictis
498 1178 537 1236 ad
558 1187 636 1235 tecta
656 1176 794 1235 subibant

86 1255 238 1330 Pauperis
259 1255 399 1328 Euandri,
421 1255 589 1332 passimque
609 1268 742 1315 armenta
760 1255 900 1315 videbant
1037 1260 1095 1331 360

88 1338 297 1410 Romanoque
317 1336 381 1394 foro
403 1347 432 1394 et
453 1335 538 1394 lautis
560 1336 672 1412 mugire
691 1335 815 1396 Carinis.

89 1417 141 1474 Ut
162 1426 285 1474 ventum
306 1416 345 1474 ad
367 1417 462 1488 sedes,
485 1417 608 1486 ‘Haec’
629 1415 733 1491 inquit,
757 1414 875 1474 ‘limina
894 1414 988 1474 victor

90 1493 236 1554 ‘Alcides
257 1494 353 1567 subiit,
377 1497 450 1554 haec
470 1495 553 1553 illum
573 1495 654 1572 regia
673 1495 758 1572 cepit

91 1575 212 1647 ιΑικκὲ,
235 1575 352 1650 hospes
374 1588 564 1634 oontemnere
585 1595 666 1652 opes,
689 1587 718 1634 et
738 1586 769 1634 te
789 1593 910 1651 quoque
931 1574 1054 1651 dignum

91 1652 209 1732 ‘Finge
230 1655 297 1725 de0‚
318 1655 464 1731 rebusque
485 1655 553 1714 veni
573 1675 634 1714 non
655 1675 740 1730 asper
761 1655 878 1732 egenis!
1035 1659 1091 1731 365

91 1734 190 1808 Dixit,
212 1746 242 1793 et
262 1734 378 1810 angusti
398 1736 498 1794 subter
517 1735 631 1812 fastigia
651 1736 721 1794 tecti

92 1817 255 1890 Ingentem
274 1816 398 1874 Aenean
419 1814 510 1884 duxit,
531 1815 686 1890 stratisque
705 1815 814 1875 locavit

92 1896 239 1953 Effultum
261 1894 338 1954 foliis
358 1906 388 1954 et
408 1896 484 1970 pelle
506 1895 665 1971 Libystidis
686 1915 780 1954 ursae.

135 1977 206 2033 Nox
226 1973 291 2046 ruit,
313 1986 342 2033 et
363 1974 451 2033 fuscis
471 1976 605 2034 tellurem
626 1974 811 2051 amplectitur
831 1973 891 2032 alis.

90 2057 136 2113 At
157 2057 259 2115 Venus
279 2055 359 2114 haud
380 2055 480 2113 animo
501 2055 681 2131 nequiquam
703 2053 839 2113 exterrita
858 2064 953 2112 mater
1034 2069 1092 2127 370

92 2137 337 2210 Laurentumque
358 2134 447 2193 minis
467 2146 496 2194 et
517 2136 592 2195 duro
613 2146 695 2193 mota
714 2135 848 2203 tumultu,

90 2216 263 2274 Volcanum
282 2214 459 2290 adloquitur,
481 2215 670 2290 thalamoque
691 2215 765 2274 haec
785 2211 917 2288 coniugis
937 2231 1028 2271 aureo

93 2294 214 2370 Incipit,
236 2305 266 2354 et
286 2294 373 2354 dietis
394 2294 528 2354 divinum
549 2295 677 2370 adspirat
698 2312 847 2354 amorem:

92 2377 195 2432 ‘Dum
216 2375 295 2434 bello
315 2374 445 2451 Argolici
465 2376 619 2433 vastabant
641 2376 782 2450 Pergama
802 2393 885 2450 reges

92 2453 226 2513 ‘Debita
246 2473 423 2530 casurasque
443 2453 569 2514 inimicis
590 2454 706 2530 ignibus
726 2474 816 2528 arces,
1034 2469 1090 2528 375

92 2536 185 2592 ‘Non
206 2534 299 2592 ullum
319 2535 459 2592 auxilium
480 2533 600 2606 miseris,
623 2554 684 2594 non
705 2555 786 2594 arma
806 2532 905 2610 rogavi

93 2612 192 2672 ‘Artis
223 2615 324 2688 opisve
356 2625 444 2688 tuae;
465 2633 521 2673 nec
542 2623 579 2686 te,
602 2614 748 2674 carissime
769 2615 907 2686 coniunx,

93 2695 305 2753 ‘Incassumve
325 2703 391 2752 tuos
411 2693 491 2752 volui
512 2713 645 2753 exercere
667 2695 790 2768 labores,

95 2773 256 2847 ‘Quamvis
277 2784 306 2832 et
328 2773 436 2832 Priami
456 2775 596 2833 deberem
616 2774 742 2849 plurima
761 2773 847 2844 natis,

93 2855 152 2912 ‘Et
173 2854 278 2912 durum
299 2855 420 2912 Aeneae
440 2851 586 2912 flevissem
607 2871 697 2928 saepe
717 2854 855 2912 laborem.
1034 2853 1091 2926 380

96 2935 205 2991 ‘Nunc
226 2931 306 2992 Iovis
326 2932 455 3008 imperiis
477 2934 656 2992 Rutulomm
677 2931 809 2992 constitit
829 2930 904 2990 oris:

27 3055 30 3059 ·
97 3014 195 3088 ‘Ergo
216 3012 321 3072 eadem
342 3014 467 3089 supplex
486 3012 583 3085 venio,
606 3023 635 3071 et
657 3022 791 3071 sanctum
811 3011 885 3102 mihi
905 3029 1016 3070 numen

96 3095 206 3151 ‘Arma
226 3111 306 3182 rogo,
329 3093 462 3168 genetrix
482 3103 560 3152 nato.
607 3094 652 3150 Te
672 3092 732 3151 filia
753 3090 851 3164 Nerei,

96 3175 158 3232 ‘Te
179 3171 274 3247 potuit
295 3171 421 3231 lacrimis
442 3171 583 3231 Tithonia
603 3173 720 3232 flectere
741 3171 877 3232 coniunx.

95 3252 232 3328 ‘Aspice
255 3251 306 3327 qui
327 3262 435 3311 coeant
454 3252 564 3328 populi,
586 3269 662 3326 quae
683 3253 801 3313 moenia
822 3249 930 3311 clausis
1032 3253 1089 3326 385

97 3335 233 3392 ‘Ferrum
255 3343 363 3391 acuant
382 3333 474 3408 portis
494 3333 525 3390 in
545 3350 593 3392 me
609 3333 835 3409 exscidiumque
857 3332 1008 3390 meorum!
