2462 3678
408 29 647 88 Aruernos
671 31 756 88 rra.
792 30 840 87 Vr.
1066 31 1123 104 263

104 161 123 191 ‘
139 159 249 218 Unum
271 174 343 217 oro:
370 155 492 232 quando
512 155 562 214 hic
582 155 687 216 inferni
707 155 795 216 ianua
815 156 890 232 regis

107 241 126 271 ‘
140 237 262 296 Dicitur
282 247 312 297 et
333 238 491 296 tenebrosa
510 238 596 313 palus
617 238 785 298 Acheronte
805 239 902 298 refuso

108 321 193 378 ‘Ire
214 318 254 377 ad
275 327 468 393 conspectum
489 317 548 376 cari
568 317 707 393 genitoris
728 328 757 378 et
778 337 830 379 ora

112 397 305 474 ‘Contingat
311 420 319 472 ;
348 399 456 458 doceas
477 397 539 470 iter,
561 408 591 457 et
612 417 693 456 sacra
712 398 788 458 ostia
807 398 927 474 pandas

113 481 235 537 ‘lllum
255 498 311 554 ego
332 497 386 554 per
405 478 538 537 flammas
558 488 588 538 et
609 478 688 537 mille
709 477 863 554 sequentia
883 481 942 538 tela
1068 497 1123 536 110

116 557 248 635 ‘Eripui
268 557 314 618 his
334 558 451 629 umeris,
474 558 632 635 medioque
653 579 690 618 ex
709 561 794 618 hoste
815 559 912 635 recepi
923 581 930 632 ;

120 641 209 712 ‘Ille,
231 657 332 698 meum
350 638 507 698 comitatus
527 639 589 711 iter,
611 639 703 698 maria
722 638 824 698 omnia
843 658 959 698 mecum

121 721 246 795 ‘Atque
266 738 371 779 omnes
390 719 546 796 pelagique
566 718 661 778 minas
681 719 814 796 caelique
835 720 955 792 serebat,

121 799 308 872 ‘Invalidus
329 799 406 860 vires
427 801 501 858 ultra
522 810 689 876 sortemque
710 811 853 860 senectae.

121 879 236 954 ‘Quin,
258 890 291 938 ut
311 889 341 940 te
361 882 485 956 supplex
505 891 643 956 peterem,
667 890 695 940 et
716 891 767 939 tua
786 879 888 938 limina
908 879 1030 952 adirem,
1068 897 1120 956 115

121 963 234 1020 ‘Idem
254 979 341 1020 orans
361 961 501 1020 mandata
521 961 618 1020 dabat.
662 959 811 1036 Gnatique
831 959 989 1036 patrisque,

120 1043 240 1113 ‘Alma
262 1060 374 1117 precor,
395 1041 539 1114 miserere,
562 1051 646 1117 potes
667 1060 795 1117 namque
816 1039 923 1112 omnia,
946 1050 1051 1102 necte

121 1120 335 1198 ‘Nequiquam
356 1120 430 1180 lucis
451 1123 568 1182 Hecate
588 1121 728 1198 praefecit
748 1120 880 1180 Avernis.

121 1201 174 1261 ‘Si
195 1201 293 1278 potuit
314 1204 421 1260 Manes
441 1221 586 1262 arcessere
607 1200 741 1278 coniugis
762 1202 907 1276 Orpheus,

121 1281 283 1342 ‘Threicia
302 1283 392 1341 fretus
406 1281 522 1341 cithara
542 1283 709 1358 fidibusque
730 1281 845 1341 canoris
854 1303 864 1355 ;
1068 1300 1123 1340 120

122 1362 177 1422 ‘Si
198 1363 316 1422 fratrem
338 1364 444 1421 Pollux
464 1364 575 1422 alterna
595 1373 689 1422 morte
709 1362 842 1431 redemit,

122 1444 235 1519 ‘Itque
255 1441 389 1518 reditque
409 1442 486 1502 viam
507 1443 728 1518 totiens-quid
748 1443 865 1502 Thesea
884 1461 1032 1518 magnum,

122 1522 228 1597 ‘Quid
248 1542 409 1583 memorem
429 1522 576 1583 Alciden?
604 1525 644 1584 Et
663 1523 705 1582 mi
725 1544 817 1600 genus
837 1524 875 1582 ab
897 1525 969 1582 Iove
991 1525 1124 1583 summo!

167 1603 291 1662 Talibus
311 1603 415 1663 orabat
435 1602 522 1663 dictis
542 1623 665 1680 arasque
687 1606 806 1664 tenebat
816 1626 824 1677 ;

122 1685 206 1746 Cum
227 1683 269 1742 sic
290 1703 356 1743 orsa
375 1683 456 1759 loqui
476 1694 575 1745 vates:
604 1687 689 1745 ‘Sate
710 1685 851 1760 sanguine
873 1684 982 1758 divom,
1068 1699 1120 1758 125

124 1767 222 1823 ‘Tros
243 1763 431 1836 Anchisiade,
452 1763 544 1824 facilis
566 1767 725 1825 descensus
745 1768 865 1825 Averno
874 1787 883 1840 ;

124 1847 260 1904 ‘Noctes
280 1855 369 1920 atque
390 1844 453 1904 dies
473 1856 554 1920 patet
574 1846 628 1904 atri
648 1845 737 1906 ianua
758 1844 835 1904 Ditis
845 1865 854 1917 ;

125 1926 206 1985 ‘Sed
227 1944 363 1985 revocare
383 1926 505 2002 gradum
527 1945 705 2002 superasque
727 1927 851 1986 evadere
870 1925 909 1984 ad
930 1944 1023 1997 auras,

126 2007 218 2064 ‘Hoc
238 2024 321 2081 opus,
343 2005 391 2064 hic
411 2007 496 2066 labor
516 2017 566 2066 est
611 2007 711 2078 Pauci,
733 2025 809 2082 quos
830 2025 941 2081 aequus
962 2005 1070 2064 amavit

126 2084 288 2162 ‘Iuppiter,
310 2095 360 2144 aut
380 2087 487 2146 ardens
507 2086 602 2147 evexit
622 2089 661 2148 ad
681 2088 799 2148 aethera
819 2085 917 2156 virtus
1067 2105 1122 2160 130

126 2165 203 2226 ‘Dis
222 2164 313 2242 geniti
334 2176 464 2241 potuere.
506 2169 624 2228 Tenent
645 2167 744 2228 media
764 2165 864 2226 omnia
885 2165 982 2237 silvae,

125 2247 337 2322 ‘Cocytusque
357 2245 423 2306 sinu
444 2246 546 2307 labens
567 2247 757 2308 circumvenit
777 2257 848 2306 atro.

126 2327 238 2406 ‘Quod
258 2325 283 2386 si
303 2337 403 2386 tantus
423 2347 506 2387 amor
524 2329 626 2401 menti,
648 2328 672 2388 si
693 2339 775 2388 tanta
794 2327 903 2403 cupido

127 2407 196 2465 ‘Bis
217 2406 331 2484 Stygios
351 2407 452 2468 innare
473 2409 561 2482 lacus,
583 2409 629 2469 bis
649 2409 732 2485 nigra
752 2408 850 2468 videre

127 2490 275 2560 ‘Tartara
297 2498 327 2548 et
347 2488 451 2548 insano
472 2488 552 2549 iuvat
572 2489 724 2566 indulgere
744 2489 836 2550 labori
842 2510 850 2561 ;
1068 2505 1122 2564 135

127 2566 266 2643 ‘Accipe,
288 2587 365 2644 quae
385 2572 552 2646 peragenda
571 2570 658 2647 pn'us.
702 2572 787 2629 Latet
808 2569 910 2630 arbore
931 2587 1025 2644 opaca

128 2650 262 2707 ‘Aureus
282 2658 312 2708 et
331 2648 408 2708 foliis
429 2660 458 2708 et
478 2651 559 2711 lento
579 2650 689 2710 vimine
709 2669 816 2721 ramus,

129 2727 257 2787 ‘Iunoni
277 2727 408 2789 infernae
428 2729 524 2790 dictus
546 2750 644 2790 sacer:
672 2731 753 2790 hunc
774 2729 845 2806 tegit
866 2727 962 2788 omnis

128 2810 255 2880 ‘Lucus,
278 2819 307 2868 et
328 2809 459 2870 obscuris
480 2812 622 2870 claudunt
642 2809 824 2870 convallibus
844 2809 973 2868 umbrae.

128 2889 206 2948 ‘Sed
226 2907 287 2948 non
308 2899 377 2950 ante
398 2891 483 2950 datur
503 2889 614 2952 telluris
635 2900 737 2966 operta
758 2889 865 2961 subire,
1069 2905 1124 2960 140

129 2968 322 3030 ‘Auricomos
343 2989 433 3046 quam
454 2971 505 3047 qui
526 2969 703 3047 decerpserit
723 2970 826 3030 arbore
845 2971 929 3030 fetus

128 3051 219 3109 ‘Hoc
239 3048 295 3110 sibi
314 3051 437 3127 pulchra
458 3071 542 3110 suum
564 3051 630 3111 feni
652 3049 827 3126 Proserpina
847 3068 955 3108 munus

129 3129 295 3190 ‘Instituit:
323 3131 418 3207 primo
439 3133 540 3191 avolso
560 3151 622 3192 non
643 3130 742 3192 deficit
762 3133 836 3191 alter

130 3213 270 3283 ‘Aureus
292 3221 322 3270 et
342 3210 429 3271 simili
448 3211 608 3272 frondescit
628 3212 708 3289 virga
727 3212 856 3272 metallo.

131 3292 226 3376 ‘Ergo
246 3292 304 3350 alte
325 3291 436 3377 vestiga
456 3291 549 3352 oculis
569 3291 673 3360 etrite
693 3302 840 3377 repertum
