<?xml version="1.0" encoding="UTF-8"?>
<!DOCTYPE html PUBLIC "-//W3C//DTD XHTML 1.0 Transitional//EN"
    "http://www.w3.org/TR/xhtml1/DTD/xhtml1-transitional.dtd">
<html xmlns="http://www.w3.org/1999/xhtml" xml:lang="en" lang="en">
 <head>
  <title>
</title>
<meta http-equiv="Content-Type" content="text/html;charset=utf-8" />
  <meta name='ocr-system' content='tesseract 3.04.00' />
  <meta name='ocr-capabilities' content='ocr_page ocr_carea ocr_par ocr_line ocrx_word'/>
</head>
<body>
  <div class='ocr_page' id='page_1' title='image "./pvergilimaronis13virggoog/pvergilimaronis13virggoog_0121.png"; bbox 0 0 2494 3702; ppageno 0'>
   <div class='ocr_carea' id='block_1_1' title="bbox 155 62 888 126">
    <p class='ocr_par' dir='ltr' id='par_1_1' title="bbox 155 62 888 126">
     <span class='ocr_line' id='line_1_1' title="bbox 155 62 888 126; baseline 0.01 -8"><span class='ocrx_word' id='word_1_1' title='bbox 155 80 206 118; x_wconf 85' lang='lat'>112</span> <span class='ocrx_word' id='word_1_2' title='bbox 409 64 442 120; x_wconf 88' lang='lat' dir='ltr'>P.</span> <span class='ocrx_word' id='word_1_3' title='bbox 475 62 664 121; x_wconf 83' lang='lat' dir='ltr'><em>VERGILJ</em></span> <span class='ocrx_word' id='word_1_4' title='bbox 678 64 888 126; x_wconf 83' lang='lat' dir='ltr'><em>MARONIS</em></span> 
     </span>
    </p>
   </div>
   <div class='ocr_carea' id='block_1_2' title="bbox 132 189 1234 2996">
    <p class='ocr_par' dir='ltr' id='par_1_2' title="bbox 151 189 1234 671">
     <span class='ocr_line' id='line_1_2' title="bbox 153 189 909 270; baseline 0.004 -21"><span class='ocrx_word' id='word_1_5' title='bbox 153 193 247 262; x_wconf 92' lang='lat' dir='ltr'>Hora,</span> <span class='ocrx_word' id='word_1_6' title='bbox 270 210 366 268; x_wconf 93' lang='lat' dir='ltr'>neque</span> <span class='ocrx_word' id='word_1_7' title='bbox 391 189 504 252; x_wconf 87' lang='lat' dir='ltr'>insidiis</span> <span class='ocrx_word' id='word_1_8' title='bbox 529 190 624 252; x_wconf 84' lang='lat' dir='ltr'>noctis</span> <span class='ocrx_word' id='word_1_9' title='bbox 643 193 758 270; x_wconf 86' lang='lat' dir='ltr'>capiere</span> <span class='ocrx_word' id='word_1_10' title='bbox 782 213 909 255; x_wconf 90' lang='lat' dir='ltr'>serenae.</span> 
     </span>
     <span class='ocr_line' id='line_1_3' title="bbox 153 273 943 351; baseline 0.005 -21"><span class='ocrx_word' id='word_1_11' title='bbox 153 274 245 342; x_wconf 88' lang='lat' dir='ltr'>Luna,</span> <span class='ocrx_word' id='word_1_12' title='bbox 269 284 447 332; x_wconf 90' lang='lat' dir='ltr'>revertentes</span> <span class='ocrx_word' id='word_1_13' title='bbox 471 293 538 332; x_wconf 89' lang='lat' dir='ltr'>cum</span> <span class='ocrx_word' id='word_1_14' title='bbox 564 273 691 350; x_wconf 90' lang='lat' dir='ltr'>primum</span> <span class='ocrx_word' id='word_1_15' title='bbox 717 274 829 351; x_wconf 88' lang='lat' dir='ltr'>colligit</span> <span class='ocrx_word' id='word_1_16' title='bbox 851 275 943 351; x_wconf 88' lang='lat' dir='ltr'>ignes,</span> 
     </span>
     <span class='ocr_line' id='line_1_4' title="bbox 152 351 926 430; baseline 0.001 -17"><span class='ocrx_word' id='word_1_17' title='bbox 152 351 182 413; x_wconf 91' lang='lat' dir='ltr'>Si</span> <span class='ocrx_word' id='word_1_18' title='bbox 205 353 321 429; x_wconf 87' lang='lat' dir='ltr'>nigmm</span> <span class='ocrx_word' id='word_1_19' title='bbox 345 353 472 412; x_wconf 90' lang='lat' dir='ltr'>obscuro</span> <span class='ocrx_word' id='word_1_20' title='bbox 494 355 711 430; x_wconf 88' lang='lat' dir='ltr'>comprenderit</span> <span class='ocrx_word' id='word_1_21' title='bbox 733 359 802 415; x_wconf 79' lang='lat' dir='ltr'>aera</span> <span class='ocrx_word' id='word_1_22' title='bbox 825 375 926 427; x_wconf 91' lang='lat' dir='ltr'>cornu,</span> 
     </span>
     <span class='ocr_line' id='line_1_5' title="bbox 153 432 1234 510; baseline 0.002 -18"><span class='ocrx_word' id='word_1_23' title='bbox 153 433 302 492; x_wconf 85' lang='lat' dir='ltr'>Maximus</span> <span class='ocrx_word' id='word_1_24' title='bbox 327 432 462 509; x_wconf 83' lang='lat' dir='ltr'>agricolis</span> <span class='ocrx_word' id='word_1_25' title='bbox 484 435 649 510; x_wconf 86' lang='lat' dir='ltr'>pelagoque</span> <span class='ocrx_word' id='word_1_26' title='bbox 674 435 824 510; x_wconf 89' lang='lat' dir='ltr'>parabitur</span> <span class='ocrx_word' id='word_1_27' title='bbox 841 435 954 496; x_wconf 90' lang='lat' dir='ltr'>imber:</span> <span class='ocrx_word' id='word_1_28' title='bbox 1233 497 1234 502; x_wconf 58' lang='grc'>,</span> 
     </span>
     <span class='ocr_line' id='line_1_6' title="bbox 152 512 1147 594; baseline 0.003 -22"><span class='ocrx_word' id='word_1_29' title='bbox 152 517 193 572; x_wconf 93' lang='lat' dir='ltr'>At</span> <span class='ocrx_word' id='word_1_30' title='bbox 217 512 242 572; x_wconf 92' lang='lat' dir='ltr'>si</span> <span class='ocrx_word' id='word_1_31' title='bbox 263 513 425 589; x_wconf 89' lang='lat' dir='ltr'>virgineum</span> <span class='ocrx_word' id='word_1_32' title='bbox 452 515 606 573; x_wconf 86' lang='lat' dir='ltr'>suffuderit</span> <span class='ocrx_word' id='word_1_33' title='bbox 630 533 681 573; x_wconf 91' lang='lat' dir='ltr'>ore</span> <span class='ocrx_word' id='word_1_34' title='bbox 706 517 853 587; x_wconf 89' lang='lat' dir='ltr'>ruborem,</span> <span class='ocrx_word' id='word_1_35' title='bbox 1086 539 1147 594; x_wconf 87' lang='lat'>430</span> 
     </span>
     <span class='ocr_line' id='line_1_7' title="bbox 151 593 987 671; baseline 0.002 -20"><span class='ocrx_word' id='word_1_36' title='bbox 151 595 267 654; x_wconf 91' lang='lat' dir='ltr'>Ventus</span> <span class='ocrx_word' id='word_1_37' title='bbox 290 593 361 654; x_wconf 90' lang='lat' dir='ltr'>erit:</span> <span class='ocrx_word' id='word_1_38' title='bbox 388 605 478 653; x_wconf 89' lang='lat' dir='ltr'>vento</span> <span class='ocrx_word' id='word_1_39' title='bbox 502 613 620 671; x_wconf 89' lang='lat' dir='ltr'>semper</span> <span class='ocrx_word' id='word_1_40' title='bbox 643 595 729 654; x_wconf 90' lang='lat' dir='ltr'>rubet</span> <span class='ocrx_word' id='word_1_41' title='bbox 749 614 838 654; x_wconf 88' lang='lat' dir='ltr'>aurea</span> <span class='ocrx_word' id='word_1_42' title='bbox 859 595 987 655; x_wconf 90' lang='lat' dir='ltr'>Phoebe.</span> 
     </span>
    </p>

    <p class='ocr_par' dir='ltr' id='par_1_3' title="bbox 152 674 955 752">
     <span class='ocr_line' id='line_1_8' title="bbox 152 674 955 752; baseline -0.001 -19"><span class='ocrx_word' id='word_1_43' title='bbox 152 675 203 733; x_wconf 91' lang='lat' dir='ltr'>Sin</span> <span class='ocrx_word' id='word_1_44' title='bbox 226 685 291 734; x_wconf 89' lang='lat' dir='ltr'>ortu</span> <span class='ocrx_word' id='word_1_45' title='bbox 312 684 416 749; x_wconf 88' lang='lat' dir='ltr'>quarto</span> <span class='ocrx_word' id='word_1_46' title='bbox 439 674 580 752; x_wconf 87' lang='lat' dir='ltr'>(namque</span> <span class='ocrx_word' id='word_1_47' title='bbox 599 674 624 733; x_wconf 89' lang='lat' dir='ltr'>is</span> <span class='ocrx_word' id='word_1_48' title='bbox 645 674 822 733; x_wconf 88' lang='lat' dir='ltr'>certissimus</span> <span class='ocrx_word' id='word_1_49' title='bbox 843 677 955 747; x_wconf 82' lang='lat' dir='ltr'>auctor)</span> 
     </span>
    </p>

    <p class='ocr_par' dir='ltr' id='par_1_4' title="bbox 153 754 950 831">
     <span class='ocr_line' id='line_1_9' title="bbox 153 754 950 831; baseline 0 -18"><span class='ocrx_word' id='word_1_50' title='bbox 153 757 229 814; x_wconf 89' lang='lat' dir='ltr'>Pura</span> <span class='ocrx_word' id='word_1_51' title='bbox 250 774 347 830; x_wconf 89' lang='lat' dir='ltr'>neque</span> <span class='ocrx_word' id='word_1_52' title='bbox 368 754 502 814; x_wconf 88' lang='lat' dir='ltr'>obtunsis</span> <span class='ocrx_word' id='word_1_53' title='bbox 522 775 575 831; x_wconf 93' lang='lat' dir='ltr'>per</span> <span class='ocrx_word' id='word_1_54' title='bbox 595 756 709 814; x_wconf 88' lang='lat' dir='ltr'>caelum</span> <span class='ocrx_word' id='word_1_55' title='bbox 729 754 868 815; x_wconf 87' lang='lat' dir='ltr'>cornibus</span> <span class='ocrx_word' id='word_1_56' title='bbox 888 754 950 828; x_wconf 87' lang='lat' dir='ltr'>ibit,</span> 
     </span>
    </p>

    <p class='ocr_par' dir='ltr' id='par_1_5' title="bbox 152 835 882 911">
     <span class='ocr_line' id='line_1_10' title="bbox 152 835 882 911; baseline 0.001 -18"><span class='ocrx_word' id='word_1_57' title='bbox 152 837 246 894; x_wconf 91' lang='lat' dir='ltr'>Totus</span> <span class='ocrx_word' id='word_1_58' title='bbox 268 847 298 894; x_wconf 92' lang='lat' dir='ltr'>et</span> <span class='ocrx_word' id='word_1_59' title='bbox 318 835 368 894; x_wconf 88' lang='lat' dir='ltr'>ille</span> <span class='ocrx_word' id='word_1_60' title='bbox 389 835 451 894; x_wconf 90' lang='lat' dir='ltr'>dies</span> <span class='ocrx_word' id='word_1_61' title='bbox 473 845 503 894; x_wconf 91' lang='lat' dir='ltr'>et</span> <span class='ocrx_word' id='word_1_62' title='bbox 524 836 575 911; x_wconf 90' lang='lat' dir='ltr'>qui</span> <span class='ocrx_word' id='word_1_63' title='bbox 595 847 753 894; x_wconf 88' lang='lat' dir='ltr'>nascentur</span> <span class='ocrx_word' id='word_1_64' title='bbox 773 835 811 894; x_wconf 92' lang='lat' dir='ltr'>ab</span> <span class='ocrx_word' id='word_1_65' title='bbox 832 835 882 894; x_wconf 91' lang='lat' dir='ltr'>illo</span> 
     </span>
    </p>

    <p class='ocr_par' dir='ltr' id='par_1_6' title="bbox 153 915 1145 1071">
     <span class='ocr_line' id='line_1_11' title="bbox 153 915 1145 994; baseline 0 -20"><span class='ocrx_word' id='word_1_66' title='bbox 153 919 300 974; x_wconf 84' lang='lat' dir='ltr'>Exactum</span> <span class='ocrx_word' id='word_1_67' title='bbox 321 917 360 974; x_wconf 90' lang='lat' dir='ltr'>ad</span> <span class='ocrx_word' id='word_1_68' title='bbox 381 934 513 975; x_wconf 89' lang='lat' dir='ltr'>mensem</span> <span class='ocrx_word' id='word_1_69' title='bbox 535 917 635 990; x_wconf 90' lang='lat' dir='ltr'>pluvia</span> <span class='ocrx_word' id='word_1_70' title='bbox 656 915 811 990; x_wconf 83' lang='lat' dir='ltr'>ventisque</span> <span class='ocrx_word' id='word_1_71' title='bbox 832 916 982 986; x_wconf 90' lang='lat' dir='ltr'>carebunt,</span> <span class='ocrx_word' id='word_1_72' title='bbox 1084 936 1145 994; x_wconf 84' lang='lat'>435</span> 
     </span>
     <span class='ocr_line' id='line_1_12' title="bbox 153 995 838 1071; baseline 0.003 -19"><span class='ocrx_word' id='word_1_73' title='bbox 153 997 291 1071; x_wconf 87' lang='lat' dir='ltr'>Votaque</span> <span class='ocrx_word' id='word_1_74' title='bbox 312 995 417 1054; x_wconf 89' lang='lat' dir='ltr'>servati</span> <span class='ocrx_word' id='word_1_75' title='bbox 438 997 553 1055; x_wconf 90' lang='lat' dir='ltr'>solvent</span> <span class='ocrx_word' id='word_1_76' title='bbox 573 995 604 1054; x_wconf 94' lang='lat' dir='ltr'>in</span> <span class='ocrx_word' id='word_1_77' title='bbox 625 995 709 1055; x_wconf 90' lang='lat' dir='ltr'>litore</span> <span class='ocrx_word' id='word_1_78' title='bbox 731 1007 838 1054; x_wconf 90' lang='lat' dir='ltr'>nautae</span> 
     </span>
    </p>

    <p class='ocr_par' dir='ltr' id='par_1_7' title="bbox 132 1075 1081 1314">
     <span class='ocr_line' id='line_1_13' title="bbox 154 1075 859 1151; baseline -0.004 -16"><span class='ocrx_word' id='word_1_79' title='bbox 154 1077 268 1135; x_wconf 90' lang='lat' dir='ltr'>Glauco</span> <span class='ocrx_word' id='word_1_80' title='bbox 293 1086 322 1134; x_wconf 88' lang='lat' dir='ltr'>et</span> <span class='ocrx_word' id='word_1_81' title='bbox 345 1077 503 1151; x_wconf 81' lang='lat' dir='ltr'>Panopeae</span> <span class='ocrx_word' id='word_1_82' title='bbox 528 1086 558 1134; x_wconf 89' lang='lat' dir='ltr'>et</span> <span class='ocrx_word' id='word_1_83' title='bbox 581 1078 657 1136; x_wconf 92' lang='lat' dir='ltr'>Inoo</span> <span class='ocrx_word' id='word_1_84' title='bbox 681 1075 859 1134; x_wconf 90' lang='lat' dir='ltr'>Melicertae.</span> 
     </span>
     <span class='ocr_line' id='line_1_14' title="bbox 132 1134 1061 1231; baseline -0.002 -15"><span class='ocrx_word' id='word_1_85' title='bbox 132 1134 204 1216; x_wconf 59' lang='grc' dir='ltr'>[ἶᾶ</span> <span class='ocrx_word' id='word_1_86' title='bbox 227 1174 345 1231; x_wconf 88' lang='lat' dir='ltr'>quoque</span> <span class='ocrx_word' id='word_1_87' title='bbox 367 1167 397 1214; x_wconf 89' lang='lat' dir='ltr'>et</span> <span class='ocrx_word' id='word_1_88' title='bbox 419 1155 552 1215; x_wconf 85' lang='lat' dir='ltr'>exoriens</span> <span class='ocrx_word' id='word_1_89' title='bbox 577 1166 605 1214; x_wconf 91' lang='lat' dir='ltr'>et</span> <span class='ocrx_word' id='word_1_90' title='bbox 627 1175 696 1214; x_wconf 89' lang='lat' dir='ltr'>curn</span> <span class='ocrx_word' id='word_1_91' title='bbox 715 1175 747 1215; x_wconf 90' lang='lat' dir='ltr'>se</span> <span class='ocrx_word' id='word_1_92' title='bbox 769 1157 879 1215; x_wconf 91' lang='lat' dir='ltr'>condet</span> <span class='ocrx_word' id='word_1_93' title='bbox 902 1154 933 1212; x_wconf 92' lang='lat' dir='ltr'>in</span> <span class='ocrx_word' id='word_1_94' title='bbox 955 1157 1061 1229; x_wconf 87' lang='lat' dir='ltr'>undas,</span> 
     </span>
     <span class='ocr_line' id='line_1_15' title="bbox 153 1223 1081 1314; baseline -0.009 -19"><span class='ocrx_word' id='word_1_95' title='bbox 153 1237 241 1314; x_wconf 89' lang='lat' dir='ltr'>Signa</span> <span class='ocrx_word' id='word_1_96' title='bbox 265 1235 365 1310; x_wconf 84' lang='lat' dir='ltr'>dabit;</span> <span class='ocrx_word' id='word_1_97' title='bbox 395 1237 488 1295; x_wconf 91' lang='lat' dir='ltr'>solem</span> <span class='ocrx_word' id='word_1_98' title='bbox 512 1235 674 1296; x_wconf 91' lang='lat' dir='ltr'>certissima</span> <span class='ocrx_word' id='word_1_99' title='bbox 697 1235 780 1311; x_wconf 89' lang='lat' dir='ltr'>signa</span> <span class='ocrx_word' id='word_1_100' title='bbox 803 1241 1022 1311; x_wconf 48' lang='lat' dir='ltr'>sequunturfa‘·</span> <span class='ocrx_word' id='word_1_101' title='bbox 1068 1223 1081 1272; x_wconf 62' lang='lat' dir='ltr'>l</span> 
     </span>
    </p>

    <p class='ocr_par' dir='ltr' id='par_1_8' title="bbox 154 1315 1147 1456">
     <span class='ocr_line' id='line_1_16' title="bbox 155 1315 1147 1392; baseline -0.004 -16"><span class='ocrx_word' id='word_1_102' title='bbox 155 1320 194 1376; x_wconf 92' lang='lat' dir='ltr'>Et</span> <span class='ocrx_word' id='word_1_103' title='bbox 218 1335 294 1391; x_wconf 90' lang='lat' dir='ltr'>quae</span> <span class='ocrx_word' id='word_1_104' title='bbox 318 1335 407 1376; x_wconf 91' lang='lat' dir='ltr'>mane</span> <span class='ocrx_word' id='word_1_105' title='bbox 430 1318 516 1376; x_wconf 83' lang='lat' dir='ltr'>refert</span> <span class='ocrx_word' id='word_1_106' title='bbox 538 1327 567 1375; x_wconf 91' lang='lat' dir='ltr'>et</span> <span class='ocrx_word' id='word_1_107' title='bbox 589 1336 665 1392; x_wconf 91' lang='lat' dir='ltr'>quae</span> <span class='ocrx_word' id='word_1_108' title='bbox 688 1315 872 1392; x_wconf 89' lang='lat' dir='ltr'>surgentibus</span> <span class='ocrx_word' id='word_1_109' title='bbox 895 1315 985 1374; x_wconf 83' lang='lat' dir='ltr'>astris</span> <span class='ocrx_word' id='word_1_110' title='bbox 1083 1336 1147 1388; x_wconf 91' lang='lat'>440</span> 
     </span>
     <span class='ocr_line' id='line_1_17' title="bbox 154 1395 963 1456; baseline -0.004 -1"><span class='ocrx_word' id='word_1_111' title='bbox 154 1398 209 1456; x_wconf 92' lang='lat' dir='ltr'>Ille</span> <span class='ocrx_word' id='word_1_112' title='bbox 230 1397 281 1456; x_wconf 92' lang='lat' dir='ltr'>ubi</span> <span class='ocrx_word' id='word_1_113' title='bbox 302 1407 473 1456; x_wconf 90' lang='lat' dir='ltr'>nascentem</span> <span class='ocrx_word' id='word_1_114' title='bbox 496 1398 619 1455; x_wconf 89' lang='lat' dir='ltr'>maculis</span> <span class='ocrx_word' id='word_1_115' title='bbox 640 1395 792 1455; x_wconf 82' lang='lat' dir='ltr'>variaverit</span> <span class='ocrx_word' id='word_1_116' title='bbox 816 1407 963 1455; x_wconf 56' lang='lat' dir='ltr'>ortumoc„</span> 
     </span>
    </p>

    <p class='ocr_par' dir='ltr' id='par_1_9' title="bbox 152 1473 1234 1875">
     <span class='ocr_line' id='line_1_18' title="bbox 154 1473 1037 1573; baseline -0.003 -35"><span class='ocrx_word' id='word_1_117' title='bbox 154 1473 300 1538; x_wconf 85' lang='lat' dir='ltr'>Conditus</span> <span class='ocrx_word' id='word_1_118' title='bbox 322 1479 353 1535; x_wconf 90' lang='lat' dir='ltr'>in</span> <span class='ocrx_word' id='word_1_119' title='bbox 375 1479 486 1536; x_wconf 88' lang='lat' dir='ltr'>nubem</span> <span class='ocrx_word' id='word_1_120' title='bbox 510 1476 669 1551; x_wconf 90' lang='lat' dir='ltr'>medioque</span> <span class='ocrx_word' id='word_1_121' title='bbox 692 1475 837 1573; x_wconf 73' lang='lat' dir='ltr'>refugerit,</span> <span class='ocrx_word' id='word_1_122' title='bbox 852 1478 931 1545; x_wconf 89' lang='lat' dir='ltr'>orbe,</span> <span class='ocrx_word' id='word_1_123' title='bbox 987 1519 1037 1559; x_wconf 50' lang='lat' dir='ltr'>,M</span> 
     </span>
     <span class='ocr_line' id='line_1_19' title="bbox 153 1554 1032 1634; baseline -0.005 -16"><span class='ocrx_word' id='word_1_124' title='bbox 153 1557 288 1634; x_wconf 91' lang='lat' dir='ltr'>Suspecti</span> <span class='ocrx_word' id='word_1_125' title='bbox 313 1557 365 1617; x_wconf 89' lang='lat' dir='ltr'>tibi</span> <span class='ocrx_word' id='word_1_126' title='bbox 386 1556 445 1616; x_wconf 92' lang='lat' dir='ltr'>sint</span> <span class='ocrx_word' id='word_1_127' title='bbox 465 1557 573 1616; x_wconf 90' lang='lat' dir='ltr'>imbres</span> <span class='ocrx_word' id='word_1_128' title='bbox 584 1577 593 1627; x_wconf 92' lang='lat'>;</span> <span class='ocrx_word' id='word_1_129' title='bbox 622 1576 750 1632; x_wconf 90' lang='lat' dir='ltr'>namque</span> <span class='ocrx_word' id='word_1_130' title='bbox 772 1554 874 1631; x_wconf 83' lang='lat' dir='ltr'>urguet</span> <span class='ocrx_word' id='word_1_131' title='bbox 897 1558 936 1614; x_wconf 88' lang='lat' dir='ltr'>ab</span> <span class='ocrx_word' id='word_1_132' title='bbox 961 1556 1032 1619; x_wconf 63' lang='lat' dir='ltr'>altor</span> 
     </span>
     <span class='ocr_line' id='line_1_20' title="bbox 153 1635 1234 1714; baseline -0.006 -17"><span class='ocrx_word' id='word_1_133' title='bbox 153 1638 375 1714; x_wconf 81' lang='lat' dir='ltr'>Arboribusque¹</span> <span class='ocrx_word' id='word_1_134' title='bbox 399 1638 528 1714; x_wconf 77' lang='lat' dir='ltr'>satisque</span> <span class='ocrx_word' id='word_1_135' title='bbox 551 1639 649 1704; x_wconf 84' lang='lat' dir='ltr'>Notus</span> <span class='ocrx_word' id='word_1_136' title='bbox 672 1636 831 1712; x_wconf 88' lang='lat' dir='ltr'>pecorique</span> <span class='ocrx_word' id='word_1_137' title='bbox 856 1635 978 1695; x_wconf 89' lang='lat' dir='ltr'>sinister.</span> <span class='ocrx_word' id='word_1_138' title='bbox 1233 1699 1234 1710; x_wconf 27' lang='grc'>4</span> 
     </span>
     <span class='ocr_line' id='line_1_21' title="bbox 152 1715 1143 1792; baseline -0.003 -16"><span class='ocrx_word' id='word_1_139' title='bbox 152 1721 213 1777; x_wconf 89' lang='lat' dir='ltr'>Aut</span> <span class='ocrx_word' id='word_1_140' title='bbox 237 1718 289 1778; x_wconf 88' lang='lat' dir='ltr'>ubi</span> <span class='ocrx_word' id='word_1_141' title='bbox 297 1740 301 1770; x_wconf 65' lang='lat' dir='ltr'><em>x</em></span> <span class='ocrx_word' id='word_1_142' title='bbox 310 1720 364 1777; x_wconf 90' lang='lat' dir='ltr'>sub</span> <span class='ocrx_word' id='word_1_143' title='bbox 385 1715 595 1779; x_wconf 63' lang='lat' dir='ltr'>lucem&#39;!densa</span> <span class='ocrx_word' id='word_1_144' title='bbox 615 1716 691 1776; x_wconf 90' lang='lat' dir='ltr'>inter</span> <span class='ocrx_word' id='word_1_145' title='bbox 711 1717 816 1776; x_wconf 87' lang='lat' dir='ltr'>nubila</span> <span class='ocrx_word' id='word_1_146' title='bbox 834 1735 897 1775; x_wconf 90' lang='lat' dir='ltr'>sese</span> <span class='ocrx_word' id='word_1_147' title='bbox 1083 1735 1143 1792; x_wconf 84' lang='lat'>445</span> 
     </span>
     <span class='ocr_line' id='line_1_22' title="bbox 155 1796 923 1875; baseline -0.003 -19"><span class='ocrx_word' id='word_1_148' title='bbox 155 1797 271 1858; x_wconf 89' lang='lat' dir='ltr'>Diversi</span> <span class='ocrx_word' id='word_1_149' title='bbox 290 1810 427 1875; x_wconf 89' lang='lat' dir='ltr'>mmpent</span> <span class='ocrx_word' id='word_1_150' title='bbox 447 1797 528 1869; x_wconf 89' lang='lat' dir='ltr'>radii,</span> <span class='ocrx_word' id='word_1_151' title='bbox 550 1809 601 1857; x_wconf 91' lang='lat' dir='ltr'>aut</span> <span class='ocrx_word' id='word_1_152' title='bbox 621 1797 673 1857; x_wconf 93' lang='lat' dir='ltr'>ubi</span> <span class='ocrx_word' id='word_1_153' title='bbox 687 1796 803 1872; x_wconf 84' lang='lat' dir='ltr'>pallida</span> <span class='ocrx_word' id='word_1_154' title='bbox 824 1803 923 1872; x_wconf 78' lang='lat' dir='ltr'>surget</span> 
     </span>
    </p>

    <p class='ocr_par' dir='ltr' id='par_1_10' title="bbox 152 1877 1046 1960">
     <span class='ocr_line' id='line_1_23' title="bbox 152 1877 1046 1960; baseline -0.003 -23"><span class='ocrx_word' id='word_1_155' title='bbox 152 1878 275 1938; x_wconf 90' lang='lat' dir='ltr'>Tithoni</span> <span class='ocrx_word' id='word_1_156' title='bbox 296 1881 433 1939; x_wconf 84' lang='lat' dir='ltr'>croceum</span> <span class='ocrx_word' id='word_1_157' title='bbox 453 1878 590 1955; x_wconf 90' lang='lat' dir='ltr'>linquens</span> <span class='ocrx_word' id='word_1_158' title='bbox 611 1881 726 1935; x_wconf 91' lang='lat' dir='ltr'>Aurora</span> <span class='ocrx_word' id='word_1_159' title='bbox 745 1877 850 1947; x_wconf 89' lang='lat' dir='ltr'>cubile,</span> <span class='ocrx_word' id='word_1_160' title='bbox 869 1880 1046 1960; x_wconf 40' lang='grc' dir='ltr'>μμ»</span> 
     </span>
    </p>

    <p class='ocr_par' dir='ltr' id='par_1_11' title="bbox 154 1953 962 2040">
     <span class='ocr_line' id='line_1_24' title="bbox 154 1953 962 2040; baseline -0.005 -22"><span class='ocrx_word' id='word_1_161' title='bbox 154 1962 225 2019; x_wconf 91' lang='lat' dir='ltr'>Heu</span> <span class='ocrx_word' id='word_1_162' title='bbox 246 1961 323 2040; x_wconf 79' lang='lat' dir='ltr'>prale</span> <span class='ocrx_word' id='word_1_163' title='bbox 345 1971 406 2018; x_wconf 93' lang='lat' dir='ltr'>tum</span> <span class='ocrx_word' id='word_1_164' title='bbox 428 1957 513 2018; x_wconf 88' lang='lat' dir='ltr'>mites</span> <span class='ocrx_word' id='word_1_165' title='bbox 535 1958 675 2018; x_wconf 85' lang='lat' dir='ltr'>desendet</span> <span class='ocrx_word' id='word_1_166' title='bbox 694 1953 853 2037; x_wconf 67' lang='lat' dir='ltr'>pampinus</span> <span class='ocrx_word' id='word_1_167' title='bbox 872 1975 962 2029; x_wconf 87' lang='lat' dir='ltr'>uvas;</span> 
     </span>
    </p>

    <p class='ocr_par' dir='ltr' id='par_1_12' title="bbox 152 2029 1026 2114">
     <span class='ocr_line' id='line_1_25' title="bbox 152 2029 1026 2114; baseline -0.006 -15"><span class='ocrx_word' id='word_1_168' title='bbox 152 2042 228 2099; x_wconf 88' lang='lat' dir='ltr'>Tam</span> <span class='ocrx_word' id='word_1_169' title='bbox 242 2029 371 2102; x_wconf 77' lang='lat' dir='ltr'>&#39;multat</span> <span class='ocrx_word' id='word_1_170' title='bbox 413 2040 498 2100; x_wconf 88' lang='lat' dir='ltr'>tectis</span> <span class='ocrx_word' id='word_1_171' title='bbox 519 2037 663 2114; x_wconf 90' lang='lat' dir='ltr'>crepitans</span> <span class='ocrx_word' id='word_1_172' title='bbox 684 2037 749 2095; x_wconf 90' lang='lat' dir='ltr'>salit</span> <span class='ocrx_word' id='word_1_173' title='bbox 771 2035 887 2096; x_wconf 87' lang='lat' dir='ltr'>horrida</span> <span class='ocrx_word' id='word_1_174' title='bbox 906 2037 1026 2112; x_wconf 77' lang='lat' dir='ltr'>grando,</span> 
     </span>
    </p>

    <p class='ocr_par' dir='ltr' id='par_1_13' title="bbox 153 2061 1145 2274">
     <span class='ocr_line' id='line_1_26' title="bbox 154 2061 1145 2193; baseline -0.004 -15"><span class='ocrx_word' id='word_1_175' title='bbox 154 2123 225 2179; x_wconf 92' lang='lat' dir='ltr'>Hoc</span> <span class='ocrx_word' id='word_1_176' title='bbox 246 2120 343 2193; x_wconf 88' lang='lat' dir='ltr'>etiam,</span> <span class='ocrx_word' id='word_1_177' title='bbox 366 2061 493 2179; x_wconf 52' lang='lat' dir='ltr'>imenso·</span> <span class='ocrx_word' id='word_1_178' title='bbox 509 2138 577 2177; x_wconf 91' lang='lat' dir='ltr'>cum</span> <span class='ocrx_word' id='word_1_179' title='bbox 597 2120 656 2176; x_wconf 93' lang='lat' dir='ltr'>iarn</span> <span class='ocrx_word' id='word_1_180' title='bbox 681 2117 800 2176; x_wconf 90' lang='lat' dir='ltr'>decedit</span> <span class='ocrx_word' id='word_1_181' title='bbox 821 2118 959 2193; x_wconf 86' lang='lat' dir='ltr'>Olympo,</span> <span class='ocrx_word' id='word_1_182' title='bbox 1084 2133 1145 2190; x_wconf 84' lang='lat'>450</span> 
     </span>
     <span class='ocr_line' id='line_1_27' title="bbox 153 2197 981 2274; baseline -0.007 -14"><span class='ocrx_word' id='word_1_183' title='bbox 153 2201 296 2260; x_wconf 89' lang='lat' dir='ltr'>Profuerit</span> <span class='ocrx_word' id='word_1_184' title='bbox 316 2199 484 2259; x_wconf 90' lang='lat' dir='ltr'>meminisse</span> <span class='ocrx_word' id='word_1_185' title='bbox 504 2197 614 2274; x_wconf 86' lang='lat' dir='ltr'>magis;</span> <span class='ocrx_word' id='word_1_186' title='bbox 641 2216 710 2255; x_wconf 88' lang='lat' dir='ltr'>nam</span> <span class='ocrx_word' id='word_1_187' title='bbox 735 2217 824 2274; x_wconf 91' lang='lat' dir='ltr'>saepe</span> <span class='ocrx_word' id='word_1_188' title='bbox 847 2197 981 2256; x_wconf 91' lang='lat' dir='ltr'>videmus</span> 
     </span>
    </p>

    <p class='ocr_par' dir='ltr' id='par_1_14' title="bbox 133 2278 1000 2492">
     <span class='ocr_line' id='line_1_28' title="bbox 133 2278 1000 2362; baseline -0.006 -22"><span class='ocrx_word' id='word_1_189' title='bbox 133 2279 251 2358; x_wconf 68' lang='lat' dir='ltr'>v&#39;Ipsius</span> <span class='ocrx_word' id='word_1_190' title='bbox 272 2281 303 2340; x_wconf 90' lang='lat' dir='ltr'>in</span> <span class='ocrx_word' id='word_1_191' title='bbox 323 2283 407 2358; x_wconf 73' lang='lat' dir='ltr'>vultu</span> <span class='ocrx_word' id='word_1_192' title='bbox 427 2279 522 2338; x_wconf 87' lang='lat' dir='ltr'>varios</span> <span class='ocrx_word' id='word_1_193' title='bbox 544 2297 637 2337; x_wconf 88' lang='lat' dir='ltr'>errare</span> <span class='ocrx_word' id='word_1_194' title='bbox 657 2278 780 2348; x_wconf 89' lang='lat' dir='ltr'>colores,</span> <span class='ocrx_word' id='word_1_195' title='bbox 957 2313 1000 2362; x_wconf 56' lang='lat' dir='ltr'>q,</span> 
     </span>
     <span class='ocr_line' id='line_1_29' title="bbox 153 2353 967 2492; baseline -0.001 -72"><span class='ocrx_word' id='word_1_196' title='bbox 153 2363 312 2422; x_wconf 90' lang='lat' dir='ltr'>Caeruleus</span> <span class='ocrx_word' id='word_1_197' title='bbox 333 2360 462 2436; x_wconf 89' lang='lat' dir='ltr'>pluviam</span> <span class='ocrx_word' id='word_1_198' title='bbox 484 2357 646 2492; x_wconf 71' lang='lat' dir='ltr'>depuptiat,</span> <span class='ocrx_word' id='word_1_199' title='bbox 668 2359 770 2433; x_wconf 85' lang='lat' dir='ltr'>igneus</span> <span class='ocrx_word' id='word_1_200' title='bbox 792 2359 894 2420; x_wconf 75' lang='lat' dir='ltr'>Erras.</span> <span class='ocrx_word' id='word_1_201' title='bbox 908 2353 967 2393; x_wconf 56' lang='lat' dir='ltr'><em>W</em></span> 
     </span>
    </p>

    <p class='ocr_par' dir='ltr' id='par_1_15' title="bbox 152 2433 927 2515">
     <span class='ocr_line' id='line_1_30' title="bbox 152 2433 927 2515; baseline -0.008 -15"><span class='ocrx_word' id='word_1_202' title='bbox 152 2441 203 2502; x_wconf 90' lang='lat' dir='ltr'>Sin</span> <span class='ocrx_word' id='word_1_203' title='bbox 224 2443 358 2500; x_wconf 88' lang='lat' dir='ltr'>maculae</span> <span class='ocrx_word' id='word_1_204' title='bbox 379 2433 522 2515; x_wconf 91' lang='lat' dir='ltr'>incipient</span> <span class='ocrx_word' id='word_1_205' title='bbox 541 2437 628 2498; x_wconf 82' lang='lat' dir='ltr'>r&#39;utrlo</span> <span class='ocrx_word' id='word_1_206' title='bbox 649 2437 838 2496; x_wconf 89' lang='lat' dir='ltr'>immiscerier</span> <span class='ocrx_word' id='word_1_207' title='bbox 857 2435 927 2513; x_wconf 89' lang='lat' dir='ltr'>igni,</span> 
     </span>
    </p>

    <p class='ocr_par' dir='ltr' id='par_1_16' title="bbox 151 2517 1143 2676">
     <span class='ocr_line' id='line_1_31' title="bbox 153 2517 1143 2597; baseline -0.009 -16"><span class='ocrx_word' id='word_1_208' title='bbox 153 2521 264 2582; x_wconf 91' lang='lat' dir='ltr'>Omnia</span> <span class='ocrx_word' id='word_1_209' title='bbox 282 2532 344 2580; x_wconf 89' lang='lat' dir='ltr'>turn</span> <span class='ocrx_word' id='word_1_210' title='bbox 365 2519 473 2597; x_wconf 90' lang='lat' dir='ltr'>pariter</span> <span class='ocrx_word' id='word_1_211' title='bbox 493 2531 583 2579; x_wconf 93' lang='lat' dir='ltr'>vento</span> <span class='ocrx_word' id='word_1_212' title='bbox 603 2517 772 2592; x_wconf 91' lang='lat' dir='ltr'>nimbisque</span> <span class='ocrx_word' id='word_1_213' title='bbox 793 2517 908 2577; x_wconf 91' lang='lat' dir='ltr'>videbis</span> <span class='ocrx_word' id='word_1_214' title='bbox 1083 2534 1143 2594; x_wconf 90' lang='grc'>455</span> 
     </span>
     <span class='ocr_line' id='line_1_32' title="bbox 151 2593 1010 2676; baseline -0.008 -15"><span class='ocrx_word' id='word_1_215' title='bbox 151 2604 284 2662; x_wconf 88' lang='lat' dir='ltr'>Fervere.</span> <span class='ocrx_word' id='word_1_216' title='bbox 328 2604 398 2676; x_wconf 86' lang='lat' dir='ltr'>Non</span> <span class='ocrx_word' id='word_1_217' title='bbox 419 2593 474 2659; x_wconf 67' lang='lat' dir='ltr'>illa</span> <span class='ocrx_word' id='word_1_218' title='bbox 488 2601 715 2675; x_wconf 74' lang='lat' dir='ltr'>quisquam,me</span> <span class='ocrx_word' id='word_1_219' title='bbox 735 2610 823 2657; x_wconf 91' lang='lat' dir='ltr'>nocte</span> <span class='ocrx_word' id='word_1_220' title='bbox 844 2616 897 2673; x_wconf 89' lang='lat' dir='ltr'>per</span> <span class='ocrx_word' id='word_1_221' title='bbox 917 2597 1010 2655; x_wconf 89' lang='lat' dir='ltr'>altum</span> 
     </span>
    </p>

    <p class='ocr_par' dir='ltr' id='par_1_17' title="bbox 155 2678 984 2758">
     <span class='ocr_line' id='line_1_33' title="bbox 155 2678 984 2758; baseline -0.01 -17"><span class='ocrx_word' id='word_1_222' title='bbox 155 2685 202 2742; x_wconf 92' lang='lat' dir='ltr'>Ire</span> <span class='ocrx_word' id='word_1_223' title='bbox 223 2702 320 2758; x_wconf 92' lang='lat' dir='ltr'>neque</span> <span class='ocrx_word' id='word_1_224' title='bbox 341 2702 359 2741; x_wconf 90' lang='lat' dir='ltr'>a</span> <span class='ocrx_word' id='word_1_225' title='bbox 380 2693 456 2741; x_wconf 89' lang='lat' dir='ltr'>terra</span> <span class='ocrx_word' id='word_1_226' title='bbox 476 2691 597 2740; x_wconf 90' lang='lat' dir='ltr'>moneat</span> <span class='ocrx_word' id='word_1_227' title='bbox 616 2678 783 2738; x_wconf 74' lang='lat' dir='ltr'>convellere</span> <span class='ocrx_word' id='word_1_228' title='bbox 803 2679 912 2736; x_wconf 83' lang='lat' dir='ltr'>funem.</span> <span class='ocrx_word' id='word_1_229' title='bbox 933 2691 945 2732; x_wconf 56' lang='lat' dir='ltr'>*r</span> <span class='ocrx_word' id='word_1_230' title='bbox 966 2697 984 2713; x_wconf 58' lang='lat' dir='ltr'>‘r</span> 
     </span>
    </p>

    <p class='ocr_par' dir='ltr' id='par_1_18' title="bbox 150 2758 965 2838">
     <span class='ocr_line' id='line_1_34' title="bbox 150 2758 965 2838; baseline -0.012 -16"><span class='ocrx_word' id='word_1_231' title='bbox 150 2765 192 2822; x_wconf 93' lang='lat' dir='ltr'>At</span> <span class='ocrx_word' id='word_1_232' title='bbox 213 2762 245 2833; x_wconf 89' lang='lat' dir='ltr'>si,</span> <span class='ocrx_word' id='word_1_233' title='bbox 268 2783 335 2821; x_wconf 90' lang='lat' dir='ltr'>curn</span> <span class='ocrx_word' id='word_1_234' title='bbox 356 2764 520 2838; x_wconf 88' lang='lat' dir='ltr'>referetque</span> <span class='ocrx_word' id='word_1_235' title='bbox 541 2760 621 2819; x_wconf 88' lang='lat' dir='ltr'>diem</span> <span class='ocrx_word' id='word_1_236' title='bbox 642 2758 811 2833; x_wconf 90' lang='lat' dir='ltr'>condetque</span> <span class='ocrx_word' id='word_1_237' title='bbox 831 2759 965 2829; x_wconf 64' lang='lat' dir='ltr'>relatum,</span> 
     </span>
    </p>

    <p class='ocr_par' dir='ltr' id='par_1_19' title="bbox 152 2836 894 2914">
     <span class='ocr_line' id='line_1_35' title="bbox 152 2836 894 2914; baseline -0.009 -13"><span class='ocrx_word' id='word_1_238' title='bbox 152 2843 281 2903; x_wconf 90' lang='lat' dir='ltr'>Lucidus</span> <span class='ocrx_word' id='word_1_239' title='bbox 302 2844 381 2903; x_wconf 90' lang='lat' dir='ltr'>orbis</span> <span class='ocrx_word' id='word_1_240' title='bbox 402 2842 464 2914; x_wconf 91' lang='lat' dir='ltr'>erit,</span> <span class='ocrx_word' id='word_1_241' title='bbox 486 2843 591 2900; x_wconf 75' lang='lat' dir='ltr'>frustra</span> <span class='ocrx_word' id='word_1_242' title='bbox 611 2839 755 2912; x_wconf 74' lang='lat' dir='ltr'>terrebere</span> <span class='ocrx_word' id='word_1_243' title='bbox 776 2836 894 2909; x_wconf 91' lang='lat' dir='ltr'>nimbis,</span> 
     </span>
    </p>

    <p class='ocr_par' dir='ltr' id='par_1_20' title="bbox 152 2916 1144 2996">
     <span class='ocr_line' id='line_1_36' title="bbox 152 2916 1144 2996; baseline -0.009 -13"><span class='ocrx_word' id='word_1_244' title='bbox 152 2927 191 2983; x_wconf 90' lang='lat' dir='ltr'>Et</span> <span class='ocrx_word' id='word_1_245' title='bbox 211 2926 290 2983; x_wconf 87' lang='lat' dir='ltr'>claro</span> <span class='ocrx_word' id='word_1_246' title='bbox 310 2923 397 2982; x_wconf 89' lang='lat' dir='ltr'>silvas</span> <span class='ocrx_word' id='word_1_247' title='bbox 417 2941 520 2981; x_wconf 87' lang='lat' dir='ltr'>cernes</span> <span class='ocrx_word' id='word_1_248' title='bbox 541 2919 690 2996; x_wconf 88' lang='lat' dir='ltr'>Aquilone</span> <span class='ocrx_word' id='word_1_249' title='bbox 710 2916 829 2977; x_wconf 90' lang='lat' dir='ltr'>moveri.</span> <span class='ocrx_word' id='word_1_250' title='bbox 1081 2919 1144 2987; x_wconf 85' lang='lat'>460</span> 
     </span>
    </p>
   </div>
   <div class='ocr_carea' id='block_1_3' title="bbox 36 2997 966 3079">
    <p class='ocr_par' dir='ltr' id='par_1_21' title="bbox 36 2997 966 3079">
     <span class='ocr_line' id='line_1_37' title="bbox 36 2997 966 3079; baseline -0.013 -15"><span class='ocrx_word' id='word_1_251' title='bbox 36 2997 44 3020; x_wconf 69' lang='lat'><em>²</em></span> <span class='ocrx_word' id='word_1_252' title='bbox 87 3061 91 3072; x_wconf 80' lang='grc'>,</span> <span class='ocrx_word' id='word_1_253' title='bbox 126 3005 128 3008; x_wconf 79' lang='grc'><strong>’</strong></span> <span class='ocrx_word' id='word_1_254' title='bbox 153 3002 290 3078; x_wconf 84' lang='lat' dir='ltr'>Denique</span> <span class='ocrx_word' id='word_1_255' title='bbox 311 3005 383 3079; x_wconf 90' lang='lat' dir='ltr'>quid</span> <span class='ocrx_word' id='word_1_256' title='bbox 404 3021 507 3077; x_wconf 89' lang='lat' dir='ltr'>vesper</span> <span class='ocrx_word' id='word_1_257' title='bbox 527 3020 608 3062; x_wconf 90' lang='lat' dir='ltr'>serus</span> <span class='ocrx_word' id='word_1_258' title='bbox 630 2999 725 3070; x_wconf 85' lang='lat' dir='ltr'>vehat,</span> <span class='ocrx_word' id='word_1_259' title='bbox 747 2999 828 3057; x_wconf 89' lang='lat' dir='ltr'>unde</span> <span class='ocrx_word' id='word_1_260' title='bbox 849 3014 966 3056; x_wconf 88' lang='lat' dir='ltr'>serenas</span> 
     </span>
    </p>
   </div>
   <div class='ocr_carea' id='block_1_4' title="bbox 134 3075 978 3298">
    <p class='ocr_par' dir='ltr' id='par_1_22' title="bbox 134 3075 978 3298">
     <span class='ocr_line' id='line_1_38' title="bbox 150 3075 978 3157; baseline -0.008 -18"><span class='ocrx_word' id='word_1_261' title='bbox 150 3084 267 3155; x_wconf 87' lang='lat' dir='ltr'>Ventus</span> <span class='ocrx_word' id='word_1_262' title='bbox 287 3093 355 3157; x_wconf 90' lang='lat' dir='ltr'>agat</span> <span class='ocrx_word' id='word_1_263' title='bbox 375 3082 479 3149; x_wconf 84' lang='lat' dir='ltr'>nubes,</span> <span class='ocrx_word' id='word_1_264' title='bbox 500 3082 574 3154; x_wconf 90' lang='lat' dir='ltr'>quid</span> <span class='ocrx_word' id='word_1_265' title='bbox 594 3077 704 3153; x_wconf 92' lang='lat' dir='ltr'>cogitet</span> <span class='ocrx_word' id='word_1_266' title='bbox 724 3075 842 3134; x_wconf 89' lang='lat' dir='ltr'>umidus</span> <span class='ocrx_word' id='word_1_267' title='bbox 862 3077 978 3145; x_wconf 90' lang='lat' dir='ltr'>Auster,</span> 
     </span>
     <span class='ocr_line' id='line_1_39' title="bbox 134 3155 971 3236; baseline -0.01 -17"><span class='ocrx_word' id='word_1_268' title='bbox 134 3161 202 3223; x_wconf 70' lang='grc'><strong>’,36]</strong></span> <span class='ocrx_word' id='word_1_269' title='bbox 223 3160 277 3218; x_wconf 90' lang='lat' dir='ltr'>tibi</span> <span class='ocrx_word' id='word_1_270' title='bbox 300 3161 383 3236; x_wconf 87' lang='lat' dir='ltr'>signa</span> <span class='ocrx_word' id='word_1_271' title='bbox 406 3155 510 3217; x_wconf 64' lang='lat' dir='ltr'>dabui.</span> <span class='ocrx_word' id='word_1_272' title='bbox 539 3159 639 3217; x_wconf 89' lang='lat' dir='ltr'>Solem</span> <span class='ocrx_word' id='word_1_273' title='bbox 660 3155 726 3231; x_wconf 89' lang='lat' dir='ltr'>quis</span> <span class='ocrx_word' id='word_1_274' title='bbox 747 3155 845 3213; x_wconf 90' lang='lat' dir='ltr'>dicere</span> <span class='ocrx_word' id='word_1_275' title='bbox 865 3156 971 3236; x_wconf 83' lang='lat' dir='ltr'>salsum</span> 
     </span>
     <span class='ocr_line' id='line_1_40' title="bbox 151 3233 919 3298; baseline -0.009 -2"><span class='ocrx_word' id='word_1_276' title='bbox 151 3241 293 3298; x_wconf 84' lang='lat' dir='ltr'>Audeat?</span> <span class='ocrx_word' id='word_1_277' title='bbox 333 3241 389 3297; x_wconf 91' lang='lat' dir='ltr'>Ille</span> <span class='ocrx_word' id='word_1_278' title='bbox 410 3236 507 3296; x_wconf 88' lang='lat' dir='ltr'>etiam</span> <span class='ocrx_word' id='word_1_279' title='bbox 520 3254 625 3295; x_wconf 90' lang='lat' dir='ltr'>caecos</span> <span class='ocrx_word' id='word_1_280' title='bbox 649 3233 756 3292; x_wconf 92' lang='lat' dir='ltr'>instare</span> <span class='ocrx_word' id='word_1_281' title='bbox 776 3234 919 3290; x_wconf 82' lang='lat' dir='ltr'>turnultus</span> 
     </span>
    </p>
   </div>
   <div class='ocr_carea' id='block_1_5' title="bbox 151 3311 1142 3432">
    <p class='ocr_par' dir='ltr' id='par_1_23' title="bbox 151 3311 1142 3432">
     <span class='ocr_line' id='line_1_41' title="bbox 151 3311 1142 3432; baseline -0.006 -54"><span class='ocrx_word' id='word_1_282' title='bbox 151 3319 247 3393; x_wconf 85' lang='lat' dir='ltr'>Saepe</span> <span class='ocrx_word' id='word_1_283' title='bbox 267 3328 369 3390; x_wconf 79' lang='lat' dir='ltr'>monet</span> <span class='ocrx_word' id='word_1_284' title='bbox 389 3316 581 3426; x_wconf 60' lang='lat' dir='ltr'>fraudemque</span> <span class='ocrx_word' id='word_1_285' title='bbox 602 3323 632 3372; x_wconf 93' lang='lat' dir='ltr'>et</span> <span class='ocrx_word' id='word_1_286' title='bbox 652 3324 755 3432; x_wconf 80' lang='lat' dir='ltr'>pperta</span> <span class='ocrx_word' id='word_1_287' title='bbox 776 3321 937 3370; x_wconf 91' lang='lat' dir='ltr'>tumescere</span> <span class='ocrx_word' id='word_1_288' title='bbox 957 3311 1043 3369; x_wconf 87' lang='lat' dir='ltr'>bella.</span> <span class='ocrx_word' id='word_1_289' title='bbox 1080 3317 1142 3392; x_wconf 85' lang='lat'>465</span> 
     </span>
    </p>
   </div>
   <div class='ocr_carea' id='block_1_6' title="bbox 0 0 1252 3702">
    <p class='ocr_par' dir='ltr' id='par_1_24' title="bbox 0 0 1252 3702">
     <span class='ocr_line' id='line_1_42' title="bbox 0 0 1252 3702; baseline 0 0"><span class='ocrx_word' id='word_1_290' title='bbox 0 0 1252 3702; x_wconf 95' lang='lat' dir='ltr'> </span> 
     </span>
    </p>
   </div>
  </div>
 </body>
</html>
