2494 3702
393 67 631 127 narramus
655 68 741 126 rra.
768 68 794 126 J.
1034 67 1087 140 165

74 193 186 252 Nunc
206 189 312 270 Amyci
332 211 433 252 casum
453 192 546 270 gemit
566 204 596 253 et
616 193 747 254 crudelia
768 213 870 254 secum

79 274 170 332 Fata
191 273 264 349 Lyci
284 274 449 350 fortemque
471 275 558 350 Gyan
578 276 743 351 fortemque
765 276 953 336 Cloanthum.

127 355 174 412 Et
192 352 251 412 iam
273 353 339 412 finis
361 364 430 426 erat,
452 372 521 413 cum
543 353 679 431 luppiter
698 355 818 415 aethere
839 374 956 416 summo

78 430 271 510 Despiciens
291 453 371 493 mare
392 432 551 493 velivolum
572 445 721 510 terrasque
741 434 872 496 iacentes

78 512 253 588 Litoraque
274 525 304 573 et
323 515 398 573 latos
418 515 554 591 populos,
576 515 619 574 sic
638 515 748 576 vertice
768 515 844 576 caeli
1032 534 1088 595 225

80 592 235 653 Constitit
257 603 287 652 et
307 593 419 670 Libyae
440 593 540 655 defixit
560 593 675 654 lumina
694 593 801 671 regnis

78 675 192 749 Atque
214 673 298 732 illum
317 675 391 734 tales
411 674 571 734 iactantem
591 685 712 751 pectore
732 694 817 736 curas

80 752 219 813 Tristior
239 766 269 813 et
288 751 415 813 lacrimis
436 756 538 814 oculos
559 757 670 814 suffusa
690 755 819 815 nitentes

82 831 272 910 Adloquitur
292 836 415 896 Venus:
448 836 493 895 ‘O
515 834 566 910 qui
586 854 632 894 res
653 835 867 912 hominumque
887 835 1036 914 deumque

84 913 249 973 ‘Aeternis
268 913 342 990 regis
362 913 492 991 imperiis
512 925 542 974 et
562 913 686 974 fulmine
706 925 805 987 terres,
1032 935 1088 992 230

86 992 195 1070 ‘Quid
215 1013 299 1054 meus
319 998 437 1054 Aeneas
457 993 489 1052 in
509 1004 539 1053 te
559 994 743 1055 committere
764 1006 888 1067 tantum,

85 1073 195 1149 ‘Quid
215 1076 309 1133 Troes
329 1085 461 1151 potuere,
484 1074 590 1150 quibus
610 1084 656 1134 tot
675 1077 778 1135 funera
798 1075 893 1152 passis

84 1155 247 1214 ‘Cunctus
268 1155 308 1214 ob
330 1153 447 1213 Italiam
467 1164 608 1214 terrarum
628 1154 774 1214 clauditur
794 1156 899 1216 orbis?

85 1235 202 1294 ‘Certe
222 1233 292 1292 hinc
313 1236 469 1294 Romanos
490 1233 560 1293 olim
582 1234 769 1294 volventibus
790 1235 883 1307 annis,

86 1313 197 1372 ‘Hinc
217 1315 279 1373 sore
299 1314 436 1373 ductores
457 1325 595 1374 revocato
616 1335 634 1373 a
654 1314 795 1391 sanguine
815 1314 934 1390 Teucri,
1029 1333 1086 1393 235

86 1393 172 1469 ‘Qui
194 1413 283 1466 mare,
304 1393 355 1470 qui
375 1404 465 1454 terras
485 1396 567 1453 omni
588 1394 701 1454 ditione
722 1406 864 1468 tenerent,

87 1472 284 1533 ‘Pollicitusz
313 1493 389 1549 quae
411 1486 449 1548 te,
470 1473 593 1551 genitor,
616 1474 763 1535 sententia
782 1475 893 1536 vertit?

90 1556 187 1613 ‘Hoc
208 1551 346 1630 equidem
368 1573 506 1613 occasum
526 1555 635 1614 Troiae
655 1555 809 1632 tristesque
829 1555 928 1617 ruinas

88 1633 235 1693 ‘Solabar
254 1633 320 1693 fatis
341 1633 487 1693 contraria
506 1634 567 1693 fata
585 1635 753 1711 rependens
761 1657 771 1710 ;

89 1715 203 1772 ‘Nunc
225 1714 329 1773 eadem
349 1714 467 1774 fortuna
486 1713 564 1774 viros
584 1724 629 1774 tot
650 1713 765 1775 casibus
786 1726 868 1776 actos
1030 1727 1101 1789 240·

90 1792 289 1871 ‘Insequitur
332 1794 430 1868 Quem
450 1795 504 1853 das
524 1795 623 1867 finem,
646 1815 696 1854 rex
716 1815 830 1873 magne,
852 1796 1008 1856 laborum?

91 1876 249 1934 ‘Antenor
268 1873 363 1950 potuit
382 1874 489 1934 mediis
510 1876 628 1952 elapsus
649 1875 768 1935 Achivis

92 1952 243 2030 ‘Illyricos
263 1964 414 2030 penetrare
436 1956 516 2013 sinus
535 1966 626 2031 atque
646 1955 749 2014 intima
770 1966 849 2015 tutus

92 2037 220 2110 ‘Regna
240 2033 436 2094 Liburnorum
457 2044 487 2094 et
507 2036 619 2094 fontem
640 2054 777 2112 superare
797 2034 921 2106 Timavi,

92 2114 205 2175 ‘Unde
225 2133 349 2191 perora
368 2134 477 2174 novem
496 2126 580 2174 vasto
600 2135 669 2175 cum
690 2133 837 2173 murmure
858 2113 967 2174 montis
1029 2133 1084 2193 245

92 2196 140 2253 ‘It
161 2213 240 2253 mare
260 2204 433 2271 proruptum
455 2205 484 2254 et
503 2196 609 2271 pelago
631 2193 738 2272 premit
759 2213 826 2252 arva
846 2194 972 2254 sonanti.

94 2273 175 2333 ‘Hic
194 2285 294 2333 tamen
313 2275 362 2334 ille
383 2276 487 2333 urbem
508 2275 609 2334 Patavi
630 2276 776 2350 sedesque
797 2273 906 2333 locavit

95 2356 304 2427 ‘Teucrorum
326 2365 355 2414 et
375 2353 457 2431 genti
476 2373 587 2414 nomen
607 2355 691 2415 dedit
710 2374 849 2431 armaque
870 2354 932 2416 fixit

96 2436 211 2507 ‘Troia
233 2453 312 2493 nunc
332 2434 449 2511 placida
469 2446 642 2511 compostus
661 2454 736 2511 pace
756 2434 899 2510 quiescit:

98 2515 188 2586 ‘Nos,
210 2524 260 2573 tua
280 2513 443 2591 progenies,
465 2514 540 2574 caeli
560 2513 666 2590 quibus
687 2515 792 2574 adnuis
812 2535 919 2588 arcem,
1028 2533 1086 2594 250

100 2593 247 2654 ‘Navibus
268 2593 445 2673 (infandum)
467 2593 589 2668 amissis,
612 2593 698 2654 unius
718 2597 758 2654 ob
778 2594 851 2655 iram

98 2674 270 2734 ‘Prodimur
289 2685 379 2750 atque
400 2674 482 2733 Italis
502 2676 589 2751 longe
609 2674 801 2751 disiungimur
821 2675 885 2735 oris

97 2753 174 2813 ‘Hic
194 2752 311 2831 pietatis
331 2756 450 2813 honos?
477 2753 519 2814 sic
540 2773 595 2814 nos
615 2754 647 2813 in
667 2766 783 2831 sceptra
802 2753 956 2831 reponis?’

136 2833 194 2896 Olli
214 2833 369 2894 subridens
389 2832 544 2894 hominum
565 2846 644 2894 sator
663 2845 752 2910 atque
772 2834 896 2893 deorum

96 2915 195 2986 Voltu,
215 2933 277 2990 quo
297 2916 413 2974 caelum
433 2923 684 2990 tempestatesque
707 2924 831 2987 serenat,
1028 2932 1083 2994 255

98 2994 206 3054 Oscula
225 2993 327 3053 libavit
346 3001 443 3066 datae,
466 2993 574 3053 dehinc
595 2994 665 3053 talia
684 2994 776 3055 fatur:

100 3076 205 3133 ‘Parce
225 3085 317 3144 metu,
339 3074 505 3151 Cytherea:
534 3084 655 3134 manent
675 3073 798 3133 immota
819 3085 935 3134 tuorum

101 3155 187 3213 ‘Fata
205 3153 278 3228 tibi;
305 3172 407 3213 cernes
427 3157 531 3213 urbem
552 3164 582 3214 et
602 3153 746 3230 promissa
766 3153 870 3213 Lavini

101 3233 245 3305 ‘Moenia
267 3232 482 3309 sublimemque
502 3234 576 3293 feres
597 3235 637 3293 ad
657 3233 753 3293 sidera
772 3233 846 3292 caeli

102 3313 343 3392 ‘Magnanimum
363 3315 487 3372 Aenean
496 3332 506 3385 3
532 3331 631 3388 neque
649 3331 699 3374 me
719 3312 864 3371 sententia
883 3309 975 3371 vertit
1028 3317 1086 3373 260
