2460 3686
360 87 602 146 AENEIDOS
625 88 711 144 LIB.
741 88 805 144 III.
1024 108 1081 165 ²09

56 215 304 294 Adgnoscitque
324 235 394 276 suos
414 218 570 294 laetusque
589 218 629 277 ad
649 217 754 276 limina
773 215 862 276 ducit.

59 299 108 356 Et
136 298 267 356 multum
287 296 420 356 lacrimas
440 297 626 357 verbainter
645 297 760 374 singula
780 296 884 356 fundit.

58 378 225 448 Procedo,
241 388 271 436 et
291 397 411 452 parvam
431 379 554 437 Troiam
575 377 769 454 simulataque
789 374 905 452 magnis

61 459 227 532 Pergama
247 467 276 516 et
296 468 429 517 arentem
449 457 563 517 Xanthi
583 459 762 535 cognomine
782 455 876 515 rivum
1021 471 1080 532 350

59 538 244 614 Adgnosco
264 539 432 613 Scaeaeque
452 539 616 614 amplector
636 538 739 597 limina
760 546 870 613 portae.

62 619 147 677 Nec
167 636 232 676 non
252 627 281 676 et
302 617 410 677 Teucri
430 618 513 677 socia
533 619 621 677 simul
642 620 714 678 urbe
735 619 877 675 fruuntur.

64 699 154 756 Illos
176 696 339 773 porticibus
359 717 410 757 rex
430 698 595 774 accipiebat
615 699 646 757 in
666 698 789 774 amplis:

65 775 173 836 Aulai
194 777 294 836 medio
315 777 448 837 libabant
470 781 578 854 pocula
600 778 709 838 Bacchi

67 856 237 933 Impositis
258 877 329 916 auro
350 858 476 933 dapibus
497 870 673 935 paterasque
694 859 843 917 tenebant.
1021 872 1059 932 35
1065 871 1080 929 5

121 940 250 1012 Iamque
271 937 334 996 dies
353 940 486 1013 alterque
507 939 570 998 dies
590 937 741 1015 processit,
757 949 786 997 et
806 956 894 996 aurae

66 1019 158 1076 Vela
178 1027 286 1077 vocant
306 1019 480 1094 tumidoque
500 1017 620 1078 inflatur
639 1021 777 1078 carbasus
798 1019 926 1076 Austro:

71 1097 143 1157 His
164 1107 262 1157 vatem
284 1098 439 1173 adgredior
459 1098 545 1157 dictis
566 1117 603 1157 ac
623 1100 694 1157 talia
713 1117 842 1172 quaeso:

74 1177 281 1253 ‘Troiugena
302 1178 444 1253 interpres
465 1179 576 1252 divom,
598 1178 649 1255 qui
669 1177 793 1236 numina
815 1175 936 1247 Phoebi,

74 1256 165 1331 ‘Qui
185 1257 316 1332 tripodas
337 1257 428 1317 Clarii
447 1269 477 1317 et
498 1260 604 1330 laurus,
626 1257 677 1334 qui
698 1259 795 1317 sidera
815 1256 906 1316 sentis
1025 1257 1083 1330 360

77 1341 144 1396 ‘Et
165 1338 316 1396 volucrum
335 1337 449 1414 linguas
471 1349 501 1398 et
521 1338 669 1415 praepetis
689 1339 791 1398 omina
811 1337 928 1413 pinnae,

76 1421 178 1476 ‘Fare
199 1437 272 1493 age:
300 1437 429 1494 namque
450 1420 546 1478 omnis
566 1439 685 1478 cursum
706 1418 779 1477 mihi
799 1435 939 1495 prospera
960 1415 1034 1476 dixit

79 1504 88 1531 ‘
105 1497 232 1573 Religio,
255 1509 284 1556 et
304 1498 404 1557 cuncti
424 1509 577 1558 suaserunt
598 1499 719 1558 numine
741 1499 801 1558 divi

81 1579 221 1636 ‘Italiam
242 1589 343 1654 petere
363 1587 393 1636 et
413 1591 503 1638 terras
524 1591 668 1656 temptare
688 1590 819 1655 repostas
829 1602 837 1654 ;

81 1659 175 1718 ‘Sola
195 1677 306 1716 novum
326 1658 466 1735 dictuque
486 1662 569 1718 nefas
592 1660 725 1736 Harpyia
745 1661 878 1721 Celaeno
1027 1659 1082 1732 365

83 1738 280 1814 ‘Prodigium
300 1739 380 1798 canit
401 1751 431 1798 et
451 1739 549 1800 tristes
569 1741 726 1800 denuntiat
745 1740 802 1798 iras

85 1819 336 1894 ‘Obscenamque
356 1821 483 1878 samem:
511 1840 587 1896 quae
608 1820 703 1896 prima
722 1820 850 1896 pericula
871 1818 952 1878 vito?

85 1899 224 1974 ‘Quidve
245 1918 372 1974 sequens
393 1911 491 1959 tantos
511 1901 622 1976 possim
644 1919 781 1976 superare
800 1899 946 1958 labores?'

85 1981 151 2038 Hic
173 1981 308 2038 Helenus
329 1980 423 2039 caesis
443 1980 570 2056 primurn
591 1982 629 2040 de
650 1999 733 2039 more
754 1979 885 2038 iuvencis

85 2063 199 2118 Exorat
219 2077 322 2135 pacem
344 2061 447 2119 divom
467 2060 613 2136 vittasque
633 2059 753 2120 resolvit
1026 2072 1085 2130 370

85 2139 199 2199 Sacrati
220 2139 334 2214 capitiS,
355 2160 463 2216 meque
482 2142 522 2200 ad
542 2153 593 2200 tua
614 2140 723 2210 limina,
747 2140 875 2210 Phoebe,

86 2222 159 2295 Ipse
181 2239 271 2278 manu
292 2222 386 2279 multo
407 2239 582 2296 suspensum
604 2219 726 2279 numine
746 2219 837 2289 ducit,

86 2304 189 2375 Atque
209 2300 282 2358 haec
302 2300 412 2359 deinde
432 2301 512 2359 canit
533 2300 634 2361 divino
655 2319 691 2359 ex
712 2319 760 2359 ore
781 2300 931 2359 sacerdos:

89 2383 188 2438 ‘Nate
209 2379 265 2438 dea
286 2378 369 2456 (nam
389 2391 419 2438 te
439 2381 599 2440 maioribus
620 2380 661 2440 ire
681 2399 734 2456 per
753 2381 845 2439 altum

89 2459 257 2534 ‘Auspiciis
277 2460 431 2518 manifesta
452 2462 525 2520 fides
535 2481 543 2533 3
571 2461 614 2520 sic
633 2463 693 2520 lata
714 2463 803 2520 deum
824 2479 875 2519 rex
1027 2471 1083 2534 375

89 2540 234 2600 ‘Sortitur
252 2541 403 2615 volvitque
422 2540 509 2611 vices,
531 2540 556 2600 is
577 2541 696 2600 vertitur
717 2540 813 2619 ordo),

88 2622 209 2679 ‘Pauca
228 2619 283 2679 tibi
303 2639 320 2679 e
340 2619 447 2693 multis,
470 2639 530 2696 quo
550 2621 639 2680 tutior
660 2621 777 2697 hospita
797 2622 902 2679 lustres

89 2703 251 2774 ‘Aequora
270 2710 300 2759 et
321 2700 454 2760 Ausonio
474 2701 569 2776 possis
591 2701 745 2761 considere
765 2711 861 2776 portu,

89 2779 275 2856 ‘Expediam
296 2779 383 2839 dictis
393 2803 401 2854 3
430 2781 588 2856 prohibent
607 2801 677 2840 nam
698 2792 795 2840 cetera
816 2783 925 2838 Parcae

89 2861 190 2921 ‘Scire
212 2862 373 2934 Helenum,
394 2860 506 2937 farique
526 2871 607 2920 vetat
627 2859 761 2920 Saturnia
782 2861 867 2918 Iuno.
1026 2859 1086 2933 380

89 2940 257 3017 ‘Principio
279 2940 403 3016 Italiam,
425 2960 514 3018 quam
535 2953 568 3001 tu
588 2942 646 3000 iam
667 2960 730 3000 rere
751 2939 947 3016 propinquam

91 3020 300 3097 ‘Vicinosque
315 3020 429 3098 ignare,
451 3041 536 3098 paras
557 3021 696 3082 invadere
717 3033 826 3098 portua,

92 3107 215 3178 ‘Longa
235 3103 338 3178 procul
358 3101 454 3179 longis
472 3101 521 3160 via
540 3101 647 3162 dividit
667 3101 746 3161 invia
766 3100 856 3162 terris.

93 3187 192 3242 ‘Ante
213 3193 243 3242 et
263 3182 415 3241 Trinacria
434 3184 591 3242 lentandus
611 3202 709 3242 remus
729 3182 760 3242 in
780 3183 862 3242 unda

93 3265 150 3323 ‘Et
171 3263 239 3322 salis
258 3262 383 3322 Ausonii
404 3264 587 3322 lustrandum
608 3263 732 3323 navibus
752 3281 863 3339 aequor
1029 3259 1084 3335 385

95 3343 283 3420 ‘Inlemique
303 3344 385 3402 lacus
405 3346 581 3420 Aeaeaeque
600 3343 697 3404 insula
718 3342 831 3414 Circae,

156 3470 181 3514 S.
196 3470 224 3510 V.
239 3469 261 3512 Ι.
957 3468 991 3518 14
