<?xml version="1.0" encoding="UTF-8"?>
<!DOCTYPE html PUBLIC "-//W3C//DTD XHTML 1.0 Transitional//EN"
    "http://www.w3.org/TR/xhtml1/DTD/xhtml1-transitional.dtd">
<html xmlns="http://www.w3.org/1999/xhtml" xml:lang="en" lang="en">
 <head>
  <title>
</title>
<meta http-equiv="Content-Type" content="text/html;charset=utf-8" />
  <meta name='ocr-system' content='tesseract 3.04.00' />
  <meta name='ocr-capabilities' content='ocr_page ocr_carea ocr_par ocr_line ocrx_word'/>
</head>
<body>
  <div class='ocr_page' id='page_1' title='image "./pvergilimaronis13virggoog/pvergilimaronis13virggoog_0355.png"; bbox 0 0 2442 3686; ppageno 0'>
   <div class='ocr_carea' id='block_1_1' title="bbox 128 75 878 153">
    <p class='ocr_par' dir='ltr' id='par_1_1' title="bbox 128 75 878 153">
     <span class='ocr_line' id='line_1_1' title="bbox 128 75 878 153; baseline -0.007 -15"><span class='ocrx_word' id='word_1_1' title='bbox 128 82 187 153; x_wconf 77' lang='lat'><strong>34⁶</strong></span> <span class='ocrx_word' id='word_1_2' title='bbox 381 78 419 138; x_wconf 76' lang='lat' dir='ltr'><strong>P.</strong></span> <span class='ocrx_word' id='word_1_3' title='bbox 453 78 645 137; x_wconf 73' lang='lat' dir='ltr'><em>VERGJLJ</em></span> <span class='ocrx_word' id='word_1_4' title='bbox 665 75 878 134; x_wconf 83' lang='lat' dir='ltr'><em>MARONJS</em></span> 
     </span>
    </p>
   </div>
   <div class='ocr_carea' id='block_1_2' title="bbox 130 206 1207 3338">
    <p class='ocr_par' dir='ltr' id='par_1_2' title="bbox 130 206 960 365">
     <span class='ocr_line' id='line_1_2' title="bbox 130 206 960 282; baseline -0.004 -12"><span class='ocrx_word' id='word_1_5' title='bbox 130 210 262 281; x_wconf 87' lang='lat' dir='ltr'><strong>‘Redde,</strong></span> <span class='ocrx_word' id='word_1_6' title='bbox 283 227 344 279; x_wconf 88' lang='lat' dir='ltr'><strong>oro,</strong></span> <span class='ocrx_word' id='word_1_7' title='bbox 365 207 477 266; x_wconf 91' lang='lat' dir='ltr'><strong>miseris</strong></span> <span class='ocrx_word' id='word_1_8' title='bbox 487 229 495 280; x_wconf 81' lang='lat'>3</span> <span class='ocrx_word' id='word_1_9' title='bbox 519 206 681 282; x_wconf 86' lang='lat' dir='ltr'><strong>iterumque</strong></span> <span class='ocrx_word' id='word_1_10' title='bbox 700 209 848 267; x_wconf 85' lang='lat' dir='ltr'>revolvere</span> <span class='ocrx_word' id='word_1_11' title='bbox 870 227 960 267; x_wconf 90' lang='lat' dir='ltr'><strong>casus</strong></span> 
     </span>
     <span class='ocr_line' id='line_1_3' title="bbox 130 287 604 365; baseline -0.004 -17"><span class='ocrx_word' id='word_1_12' title='bbox 130 291 204 360; x_wconf 90' lang='lat' dir='ltr'><strong>‘Da,</strong></span> <span class='ocrx_word' id='word_1_13' title='bbox 225 299 315 365; x_wconf 89' lang='lat' dir='ltr'><strong>pater,</strong></span> <span class='ocrx_word' id='word_1_14' title='bbox 338 287 445 346; x_wconf 86' lang='lat' dir='ltr'><strong>Iliacos</strong></span> <span class='ocrx_word' id='word_1_15' title='bbox 465 287 604 346; x_wconf 84' lang='lat' dir='ltr'><strong>Teucris&#39;</strong></span> 
     </span>
    </p>

    <p class='ocr_par' dir='ltr' id='par_1_3' title="bbox 130 364 1207 2878">
     <span class='ocr_line' id='line_1_4' title="bbox 655 364 931 441; baseline 0.007 -18"><span class='ocrx_word' id='word_1_16' title='bbox 655 367 734 423; x_wconf 92' lang='lat' dir='ltr'><strong>Tum</strong></span> <span class='ocrx_word' id='word_1_17' title='bbox 755 364 833 441; x_wconf 90' lang='lat' dir='ltr'><strong>regia</strong></span> <span class='ocrx_word' id='word_1_18' title='bbox 853 368 931 425; x_wconf 90' lang='lat' dir='ltr'><strong>Iuno</strong></span> 
     </span>
     <span class='ocr_line' id='line_1_5' title="bbox 130 443 944 521; baseline -0.004 -16"><span class='ocrx_word' id='word_1_19' title='bbox 130 449 207 506; x_wconf 86' lang='lat' dir='ltr'><strong>Acta</strong></span> <span class='ocrx_word' id='word_1_20' title='bbox 227 447 322 504; x_wconf 82' lang='lat' dir='ltr'><strong>furore</strong></span> <span class='ocrx_word' id='word_1_21' title='bbox 342 443 439 521; x_wconf 84' lang='lat' dir='ltr'><strong>gravi:</strong></span> <span class='ocrx_word' id='word_1_22' title='bbox 464 443 562 519; x_wconf 87' lang='lat' dir='ltr'><strong>‘Quid</strong></span> <span class='ocrx_word' id='word_1_23' title='bbox 581 462 629 504; x_wconf 91' lang='lat' dir='ltr'><strong>me</strong></span> <span class='ocrx_word' id='word_1_24' title='bbox 651 445 709 502; x_wconf 91' lang='lat' dir='ltr'><strong>alta</strong></span> <span class='ocrx_word' id='word_1_25' title='bbox 729 443 843 502; x_wconf 90' lang='lat' dir='ltr'><strong>silentia</strong></span> <span class='ocrx_word' id='word_1_26' title='bbox 862 445 944 520; x_wconf 92' lang='lat' dir='ltr'><strong>cogis</strong></span> 
     </span>
     <span class='ocr_line' id='line_1_6' title="bbox 133 522 974 599; baseline -0.002 -17"><span class='ocrx_word' id='word_1_27' title='bbox 133 528 306 599; x_wconf 69' lang='lat' dir='ltr'><strong>‘Rumpere</strong></span> <span class='ocrx_word' id='word_1_28' title='bbox 330 535 360 582; x_wconf 90' lang='lat' dir='ltr'><strong>et</strong></span> <span class='ocrx_word' id='word_1_29' title='bbox 381 523 539 582; x_wconf 91' lang='lat' dir='ltr'><strong>obductum</strong></span> <span class='ocrx_word' id='word_1_30' title='bbox 562 522 658 582; x_wconf 91' lang='lat' dir='ltr'><strong>verbis</strong></span> <span class='ocrx_word' id='word_1_31' title='bbox 679 524 795 598; x_wconf 86' lang='lat' dir='ltr'>volgare</span> <span class='ocrx_word' id='word_1_32' title='bbox 818 523 974 582; x_wconf 86' lang='lat' dir='ltr'><strong>dolorem?</strong></span> 
     </span>
     <span class='ocr_line' id='line_1_7' title="bbox 132 599 1126 682; baseline -0.001 -21"><span class='ocrx_word' id='word_1_33' title='bbox 132 606 271 662; x_wconf 90' lang='lat' dir='ltr'><strong>‘Aenean</strong></span> <span class='ocrx_word' id='word_1_34' title='bbox 292 602 443 661; x_wconf 89' lang='lat' dir='ltr'><strong>hominum</strong></span> <span class='ocrx_word' id='word_1_35' title='bbox 464 603 624 677; x_wconf 87' lang='lat' dir='ltr'><strong>quisquam</strong></span> <span class='ocrx_word' id='word_1_36' title='bbox 637 599 797 675; x_wconf 87' lang='lat' dir='ltr'><strong>divomque</strong></span> <span class='ocrx_word' id='word_1_37' title='bbox 817 603 932 676; x_wconf 86' lang='lat' dir='ltr'><strong>subegit</strong></span> <span class='ocrx_word' id='word_1_38' title='bbox 990 677 994 682; x_wconf 28' lang='grc'><em>,</em></span> <span class='ocrx_word' id='word_1_39' title='bbox 1087 605 1126 677; x_wconf 78' lang='lat'><strong>65</strong></span> 
     </span>
     <span class='ocr_line' id='line_1_8' title="bbox 133 678 959 756; baseline -0.002 -16"><span class='ocrx_word' id='word_1_40' title='bbox 133 682 233 740; x_wconf 92' lang='lat' dir='ltr'><strong>‘Bella</strong></span> <span class='ocrx_word' id='word_1_41' title='bbox 254 679 345 756; x_wconf 90' lang='lat' dir='ltr'><strong>sequi,</strong></span> <span class='ocrx_word' id='word_1_42' title='bbox 364 689 414 738; x_wconf 88' lang='lat' dir='ltr'><strong>aut</strong></span> <span class='ocrx_word' id='word_1_43' title='bbox 435 680 550 738; x_wconf 87' lang='lat' dir='ltr'><strong>hostem</strong></span> <span class='ocrx_word' id='word_1_44' title='bbox 570 678 631 753; x_wconf 93' lang='lat' dir='ltr'><strong>regi</strong></span> <span class='ocrx_word' id='word_1_45' title='bbox 654 698 685 738; x_wconf 94' lang='lat' dir='ltr'><strong>se</strong></span> <span class='ocrx_word' id='word_1_46' title='bbox 706 678 810 738; x_wconf 85' lang='lat' dir='ltr'><strong>inferre</strong></span> <span class='ocrx_word' id='word_1_47' title='bbox 831 681 959 738; x_wconf 85' lang='lat' dir='ltr'><strong>Latino?</strong></span> 
     </span>
     <span class='ocr_line' id='line_1_9' title="bbox 133 757 772 833; baseline -0.005 -14"><span class='ocrx_word' id='word_1_48' title='bbox 133 759 266 819; x_wconf 87' lang='lat' dir='ltr'><strong>‘Italiam</strong></span> <span class='ocrx_word' id='word_1_49' title='bbox 288 758 354 817; x_wconf 83' lang='lat' dir='ltr'><strong>satis</strong></span> <span class='ocrx_word' id='word_1_50' title='bbox 376 757 459 833; x_wconf 90' lang='lat' dir='ltr'><strong>petiit</strong></span> <span class='ocrx_word' id='word_1_51' title='bbox 481 757 667 830; x_wconf 83' lang='lat' dir='ltr'><strong>auctoribus3</strong></span> <span class='ocrx_word' id='word_1_52' title='bbox 690 767 772 830; x_wconf 87' lang='lat' dir='ltr'><strong>esto;</strong></span> 
     </span>
     <span class='ocr_line' id='line_1_10' title="bbox 133 834 974 911; baseline -0.004 -13"><span class='ocrx_word' id='word_1_53' title='bbox 133 837 334 898; x_wconf 86' lang='lat' dir='ltr'><strong>‘Cassandrae</strong></span> <span class='ocrx_word' id='word_1_54' title='bbox 354 835 494 911; x_wconf 88' lang='lat' dir='ltr'><strong>impulsus</strong></span> <span class='ocrx_word' id='word_1_55' title='bbox 515 834 611 894; x_wconf 84' lang='lat' dir='ltr'><strong>furiis:</strong></span> <span class='ocrx_word' id='word_1_56' title='bbox 635 854 706 892; x_wconf 91' lang='lat' dir='ltr'><strong>num</strong></span> <span class='ocrx_word' id='word_1_57' title='bbox 728 837 857 910; x_wconf 87' lang='lat' dir='ltr'><strong>linquere</strong></span> <span class='ocrx_word' id='word_1_58' title='bbox 878 847 974 895; x_wconf 87' lang='lat' dir='ltr'><strong>castra</strong></span> 
     </span>
     <span class='ocr_line' id='line_1_11' title="bbox 134 913 923 984; baseline 0 -10"><span class='ocrx_word' id='word_1_59' title='bbox 134 915 271 975; x_wconf 89' lang='lat' dir='ltr'><strong>‘Hortati</strong></span> <span class='ocrx_word' id='word_1_60' title='bbox 292 933 397 984; x_wconf 89' lang='lat' dir='ltr'><strong>sumus,</strong></span> <span class='ocrx_word' id='word_1_61' title='bbox 421 925 471 974; x_wconf 91' lang='lat' dir='ltr'><strong>aut</strong></span> <span class='ocrx_word' id='word_1_62' title='bbox 492 914 581 972; x_wconf 89' lang='lat' dir='ltr'><strong>vitam</strong></span> <span class='ocrx_word' id='word_1_63' title='bbox 603 913 785 973; x_wconf 88' lang='lat' dir='ltr'><strong>committere</strong></span> <span class='ocrx_word' id='word_1_64' title='bbox 807 914 923 974; x_wconf 82' lang='lat' dir='ltr'><strong>ventis?</strong></span> 
     </span>
     <span class='ocr_line' id='line_1_12' title="bbox 135 991 1123 1068; baseline 0 -16"><span class='ocrx_word' id='word_1_65' title='bbox 135 997 231 1052; x_wconf 93' lang='lat' dir='ltr'><strong>‘Num</strong></span> <span class='ocrx_word' id='word_1_66' title='bbox 253 999 343 1068; x_wconf 81' lang='lat' dir='ltr'><strong>puero</strong></span> <span class='ocrx_word' id='word_1_67' title='bbox 366 1011 508 1050; x_wconf 87' lang='lat' dir='ltr'><strong>summam</strong></span> <span class='ocrx_word' id='word_1_68' title='bbox 530 991 606 1062; x_wconf 88' lang='lat' dir='ltr'><strong>belli,</strong></span> <span class='ocrx_word' id='word_1_69' title='bbox 629 1011 699 1050; x_wconf 91' lang='lat' dir='ltr'><strong>num</strong></span> <span class='ocrx_word' id='word_1_70' title='bbox 720 993 838 1052; x_wconf 90' lang='lat' dir='ltr'><strong>credere</strong></span> <span class='ocrx_word' id='word_1_71' title='bbox 858 997 980 1054; x_wconf 86' lang='lat' dir='ltr'><strong>muros?</strong></span> <span class='ocrx_word' id='word_1_72' title='bbox 1086 1012 1123 1066; x_wconf 86' lang='lat'><strong>70</strong></span> 
     </span>
     <span class='ocr_line' id='line_1_13' title="bbox 135 1071 960 1148; baseline 0.001 -18"><span class='ocrx_word' id='word_1_73' title='bbox 135 1074 368 1148; x_wconf 88' lang='lat' dir='ltr'><strong>‘Tyrrhenamve</strong></span> <span class='ocrx_word' id='word_1_74' title='bbox 389 1072 477 1129; x_wconf 90' lang='lat' dir='ltr'><strong>fidem</strong></span> <span class='ocrx_word' id='word_1_75' title='bbox 498 1081 548 1128; x_wconf 88' lang='lat' dir='ltr'><strong>aut</strong></span> <span class='ocrx_word' id='word_1_76' title='bbox 572 1080 675 1145; x_wconf 87' lang='lat' dir='ltr'><strong>gentes</strong></span> <span class='ocrx_word' id='word_1_77' title='bbox 695 1071 803 1146; x_wconf 88' lang='lat' dir='ltr'><strong>agitare</strong></span> <span class='ocrx_word' id='word_1_78' title='bbox 825 1071 960 1147; x_wconf 87' lang='lat' dir='ltr'><strong>quietas?</strong></span> 
     </span>
     <span class='ocr_line' id='line_1_14' title="bbox 136 1150 997 1225; baseline 0 -17"><span class='ocrx_word' id='word_1_79' title='bbox 136 1151 227 1225; x_wconf 91' lang='lat' dir='ltr'><strong>‘Quis</strong></span> <span class='ocrx_word' id='word_1_80' title='bbox 248 1151 320 1208; x_wconf 90' lang='lat' dir='ltr'><strong>deus</strong></span> <span class='ocrx_word' id='word_1_81' title='bbox 342 1150 373 1207; x_wconf 93' lang='lat' dir='ltr'><strong>in</strong></span> <span class='ocrx_word' id='word_1_82' title='bbox 394 1151 531 1220; x_wconf 81' lang='lat' dir='ltr'><strong>fraudem,</strong></span> <span class='ocrx_word' id='word_1_83' title='bbox 554 1168 629 1225; x_wconf 91' lang='lat' dir='ltr'><strong>quae</strong></span> <span class='ocrx_word' id='word_1_84' title='bbox 650 1151 722 1208; x_wconf 89' lang='lat' dir='ltr'><strong>dura</strong></span> <span class='ocrx_word' id='word_1_85' title='bbox 742 1151 874 1225; x_wconf 89' lang='lat' dir='ltr'><strong>potentia</strong></span> <span class='ocrx_word' id='word_1_86' title='bbox 897 1161 997 1210; x_wconf 86' lang='lat' dir='ltr'><strong>nostra</strong></span> 
     </span>
     <span class='ocr_line' id='line_1_15' title="bbox 136 1228 1018 1304; baseline 0 -16"><span class='ocrx_word' id='word_1_87' title='bbox 136 1229 241 1304; x_wconf 72' lang='lat' dir='ltr'><strong>‘Egitl</strong></span> <span class='ocrx_word' id='word_1_88' title='bbox 265 1229 326 1288; x_wconf 91' lang='lat' dir='ltr'><strong>Ubi</strong></span> <span class='ocrx_word' id='word_1_89' title='bbox 348 1228 397 1285; x_wconf 94' lang='lat' dir='ltr'><strong>hic</strong></span> <span class='ocrx_word' id='word_1_90' title='bbox 420 1230 504 1298; x_wconf 87' lang='lat' dir='ltr'><strong>Iuno,</strong></span> <span class='ocrx_word' id='word_1_91' title='bbox 528 1229 692 1287; x_wconf 83' lang='lat' dir='ltr'><strong>demissave</strong></span> <span class='ocrx_word' id='word_1_92' title='bbox 712 1229 838 1288; x_wconf 91' lang='lat' dir='ltr'><strong>nubibus</strong></span> <span class='ocrx_word' id='word_1_93' title='bbox 860 1228 935 1288; x_wconf 87' lang='lat' dir='ltr'><strong>Iris?</strong></span> <span class='ocrx_word' id='word_1_94' title='bbox 1015 1290 1018 1294; x_wconf 75' lang='grc'><em>,</em></span> 
     </span>
     <span class='ocr_line' id='line_1_16' title="bbox 137 1307 987 1382; baseline 0 -16"><span class='ocrx_word' id='word_1_95' title='bbox 137 1307 311 1382; x_wconf 90' lang='lat' dir='ltr'><strong>‘Indignum</strong></span> <span class='ocrx_word' id='word_1_96' title='bbox 335 1317 387 1378; x_wconf 88' lang='lat' dir='ltr'><strong>est,</strong></span> <span class='ocrx_word' id='word_1_97' title='bbox 410 1308 501 1365; x_wconf 89' lang='lat' dir='ltr'><strong>Italos</strong></span> <span class='ocrx_word' id='word_1_98' title='bbox 523 1307 642 1366; x_wconf 81' lang='lat' dir='ltr'><strong>Troiam</strong></span> <span class='ocrx_word' id='word_1_99' title='bbox 665 1308 842 1367; x_wconf 84' lang='lat' dir='ltr'><strong>circumdare</strong></span> <span class='ocrx_word' id='word_1_100' title='bbox 862 1307 987 1366; x_wconf 87' lang='lat' dir='ltr'><strong>flammis</strong></span> 
     </span>
     <span class='ocr_line' id='line_1_17' title="bbox 137 1385 1118 1462; baseline 0 -17"><span class='ocrx_word' id='word_1_101' title='bbox 137 1390 341 1456; x_wconf 74' lang='lat' dir='ltr'><strong>‘Nascentem</strong></span> <span class='ocrx_word' id='word_1_102' title='bbox 363 1396 392 1444; x_wconf 92' lang='lat' dir='ltr'><strong>et</strong></span> <span class='ocrx_word' id='word_1_103' title='bbox 414 1385 506 1460; x_wconf 89' lang='lat' dir='ltr'><strong>patria</strong></span> <span class='ocrx_word' id='word_1_104' title='bbox 527 1387 657 1443; x_wconf 90' lang='lat' dir='ltr'><strong>Turnum</strong></span> <span class='ocrx_word' id='word_1_105' title='bbox 680 1385 836 1445; x_wconf 88' lang='lat' dir='ltr'><strong>consistere</strong></span> <span class='ocrx_word' id='word_1_106' title='bbox 858 1397 939 1460; x_wconf 86' lang='lat' dir='ltr'><strong>terra,</strong></span> <span class='ocrx_word' id='word_1_107' title='bbox 1085 1403 1118 1462; x_wconf 83' lang='lat'><strong>75</strong></span> 
     </span>
     <span class='ocr_line' id='line_1_18' title="bbox 137 1463 908 1533; baseline 0.001 -9"><span class='ocrx_word' id='word_1_108' title='bbox 137 1464 211 1525; x_wconf 91' lang='lat' dir='ltr'><strong>‘Cui</strong></span> <span class='ocrx_word' id='word_1_109' title='bbox 233 1465 382 1523; x_wconf 90' lang='lat' dir='ltr'><strong>Pilumnus</strong></span> <span class='ocrx_word' id='word_1_110' title='bbox 404 1483 483 1533; x_wconf 88' lang='lat' dir='ltr'><strong>avus,</strong></span> <span class='ocrx_word' id='word_1_111' title='bbox 505 1463 552 1520; x_wconf 92' lang='lat' dir='ltr'><strong>cui</strong></span> <span class='ocrx_word' id='word_1_112' title='bbox 574 1464 641 1522; x_wconf 92' lang='lat' dir='ltr'><strong>diva</strong></span> <span class='ocrx_word' id='word_1_113' title='bbox 662 1464 779 1525; x_wconf 88' lang='lat' dir='ltr'><strong>Venilia</strong></span> <span class='ocrx_word' id='word_1_114' title='bbox 799 1476 908 1525; x_wconf 89' lang='lat' dir='ltr'><strong>mater:</strong></span> 
     </span>
     <span class='ocr_line' id='line_1_19' title="bbox 137 1542 887 1618; baseline 0 -16"><span class='ocrx_word' id='word_1_115' title='bbox 137 1543 243 1618; x_wconf 91' lang='lat' dir='ltr'><strong>‘Quid,</strong></span> <span class='ocrx_word' id='word_1_116' title='bbox 264 1545 327 1601; x_wconf 88' lang='lat' dir='ltr'><strong>sace</strong></span> <span class='ocrx_word' id='word_1_117' title='bbox 348 1543 492 1601; x_wconf 90' lang='lat' dir='ltr'><strong>Troianos</strong></span> <span class='ocrx_word' id='word_1_118' title='bbox 511 1553 574 1600; x_wconf 90' lang='lat' dir='ltr'><strong>atra</strong></span> <span class='ocrx_word' id='word_1_119' title='bbox 593 1542 653 1601; x_wconf 91' lang='lat' dir='ltr'><strong>vim</strong></span> <span class='ocrx_word' id='word_1_120' title='bbox 673 1545 745 1602; x_wconf 89' lang='lat' dir='ltr'><strong>serre</strong></span> <span class='ocrx_word' id='word_1_121' title='bbox 768 1543 887 1614; x_wconf 88' lang='lat' dir='ltr'><strong>Latinis,</strong></span> 
     </span>
     <span class='ocr_line' id='line_1_20' title="bbox 138 1621 1023 1697; baseline 0 -17"><span class='ocrx_word' id='word_1_122' title='bbox 138 1626 234 1680; x_wconf 84' lang='lat' dir='ltr'>‘Arva</span> <span class='ocrx_word' id='word_1_123' title='bbox 253 1623 349 1680; x_wconf 88' lang='lat' dir='ltr'><strong>aliena</strong></span> <span class='ocrx_word' id='word_1_124' title='bbox 370 1621 438 1696; x_wconf 89' lang='lat' dir='ltr'><strong>iugo</strong></span> <span class='ocrx_word' id='word_1_125' title='bbox 458 1639 596 1696; x_wconf 87' lang='lat' dir='ltr'><strong>premere,</strong></span> <span class='ocrx_word' id='word_1_126' title='bbox 618 1632 707 1697; x_wconf 91' lang='lat' dir='ltr'><strong>atque</strong></span> <span class='ocrx_word' id='word_1_127' title='bbox 728 1633 855 1681; x_wconf 87' lang='lat' dir='ltr'><strong>avertere</strong></span> <span class='ocrx_word' id='word_1_128' title='bbox 877 1624 1023 1697; x_wconf 84' lang='lat' dir='ltr'><strong>praedas?</strong></span> 
     </span>
     <span class='ocr_line' id='line_1_21' title="bbox 139 1700 1207 1776; baseline 0.002 -16"><span class='ocrx_word' id='word_1_129' title='bbox 139 1701 245 1776; x_wconf 91' lang='lat' dir='ltr'><strong>‘Quid,</strong></span> <span class='ocrx_word' id='word_1_130' title='bbox 267 1719 382 1759; x_wconf 86' lang='lat' dir='ltr'><strong>soceros</strong></span> <span class='ocrx_word' id='word_1_131' title='bbox 402 1703 505 1775; x_wconf 89' lang='lat' dir='ltr'><strong>legere,</strong></span> <span class='ocrx_word' id='word_1_132' title='bbox 525 1711 555 1758; x_wconf 92' lang='lat' dir='ltr'><strong>et</strong></span> <span class='ocrx_word' id='word_1_133' title='bbox 577 1700 692 1776; x_wconf 85' lang='lat' dir='ltr'><strong>gremiis</strong></span> <span class='ocrx_word' id='word_1_134' title='bbox 713 1701 859 1760; x_wconf 90' lang='lat' dir='ltr'><strong>abducere</strong></span> <span class='ocrx_word' id='word_1_135' title='bbox 878 1713 989 1776; x_wconf 85' lang='lat' dir='ltr'><strong>pactas,</strong></span> <span class='ocrx_word' id='word_1_136' title='bbox 1206 1757 1207 1762; x_wconf 73' lang='grc'>,</span> 
     </span>
     <span class='ocr_line' id='line_1_22' title="bbox 140 1777 1207 1854; baseline -0.002 -15"><span class='ocrx_word' id='word_1_137' title='bbox 140 1784 263 1839; x_wconf 86' lang='lat' dir='ltr'><strong>‘Pacem</strong></span> <span class='ocrx_word' id='word_1_138' title='bbox 285 1799 366 1838; x_wconf 89' lang='lat' dir='ltr'><strong>orare</strong></span> <span class='ocrx_word' id='word_1_139' title='bbox 388 1798 484 1850; x_wconf 90' lang='lat' dir='ltr'><strong>manu,</strong></span> <span class='ocrx_word' id='word_1_140' title='bbox 505 1781 662 1854; x_wconf 89' lang='lat' dir='ltr'><strong>praefigere</strong></span> <span class='ocrx_word' id='word_1_141' title='bbox 682 1779 828 1854; x_wconf 89' lang='lat' dir='ltr'><strong>puppibus</strong></span> <span class='ocrx_word' id='word_1_142' title='bbox 849 1784 951 1840; x_wconf 76' lang='lat' dir='ltr'><strong>amia?</strong></span> <span class='ocrx_word' id='word_1_143' title='bbox 1084 1784 1120 1838; x_wconf 90' lang='lat'><strong>80</strong></span> <span class='ocrx_word' id='word_1_144' title='bbox 1206 1777 1207 1830; x_wconf 77' lang='lat' dir='ltr'><strong>l</strong></span> 
     </span>
     <span class='ocr_line' id='line_1_23' title="bbox 140 1857 936 1935; baseline -0.003 -17"><span class='ocrx_word' id='word_1_145' title='bbox 140 1863 203 1918; x_wconf 90' lang='lat' dir='ltr'><strong>‘Tu</strong></span> <span class='ocrx_word' id='word_1_146' title='bbox 223 1870 306 1935; x_wconf 89' lang='lat' dir='ltr'><strong>potes</strong></span> <span class='ocrx_word' id='word_1_147' title='bbox 326 1861 447 1916; x_wconf 83' lang='lat' dir='ltr'><strong>Aenean</strong></span> <span class='ocrx_word' id='word_1_148' title='bbox 468 1857 602 1916; x_wconf 87' lang='lat' dir='ltr'><strong>manibus</strong></span> <span class='ocrx_word' id='word_1_149' title='bbox 622 1859 785 1917; x_wconf 88' lang='lat' dir='ltr'><strong>subducere</strong></span> <span class='ocrx_word' id='word_1_150' title='bbox 807 1859 936 1930; x_wconf 91' lang='lat' dir='ltr'><strong>Graium,</strong></span> 
     </span>
     <span class='ocr_line' id='line_1_24' title="bbox 140 1936 1014 2013; baseline 0.001 -17"><span class='ocrx_word' id='word_1_151' title='bbox 140 1942 272 2013; x_wconf 90' lang='lat' dir='ltr'><strong>‘Proque</strong></span> <span class='ocrx_word' id='word_1_152' title='bbox 294 1936 355 1996; x_wconf 93' lang='lat' dir='ltr'><strong>viro</strong></span> <span class='ocrx_word' id='word_1_153' title='bbox 367 1937 514 1994; x_wconf 77' lang='lat' dir='ltr'><strong>&#39;nebulam</strong></span> <span class='ocrx_word' id='word_1_154' title='bbox 536 1947 566 1994; x_wconf 92' lang='lat' dir='ltr'><strong>et</strong></span> <span class='ocrx_word' id='word_1_155' title='bbox 586 1947 691 1995; x_wconf 92' lang='lat' dir='ltr'><strong>ventos</strong></span> <span class='ocrx_word' id='word_1_156' title='bbox 713 1937 872 1996; x_wconf 87' lang='lat' dir='ltr'><strong>obtendere</strong></span> <span class='ocrx_word' id='word_1_157' title='bbox 893 1937 1014 2012; x_wconf 88' lang='lat' dir='ltr'><strong>inanes;</strong></span> 
     </span>
     <span class='ocr_line' id='line_1_25' title="bbox 140 2015 1023 2093; baseline 0 -17"><span class='ocrx_word' id='word_1_158' title='bbox 140 2021 196 2076; x_wconf 92' lang='lat' dir='ltr'><strong>‘Et</strong></span> <span class='ocrx_word' id='word_1_159' title='bbox 217 2027 301 2093; x_wconf 88' lang='lat' dir='ltr'><strong>potes</strong></span> <span class='ocrx_word' id='word_1_160' title='bbox 322 2015 353 2074; x_wconf 89' lang='lat' dir='ltr'><strong>in</strong></span> <span class='ocrx_word' id='word_1_161' title='bbox 374 2015 496 2073; x_wconf 90' lang='lat' dir='ltr'><strong>totidem</strong></span> <span class='ocrx_word' id='word_1_162' title='bbox 518 2017 640 2073; x_wconf 87' lang='lat' dir='ltr'><strong>classem</strong></span> <span class='ocrx_word' id='word_1_163' title='bbox 662 2026 830 2074; x_wconf 90' lang='lat' dir='ltr'><strong>convertere</strong></span> <span class='ocrx_word' id='word_1_164' title='bbox 852 2018 1023 2091; x_wconf 86' lang='lat' dir='ltr'><strong>Nymphas:</strong></span> 
     </span>
     <span class='ocr_line' id='line_1_26' title="bbox 133 2093 1207 2169; baseline -0.001 -15"><span class='ocrx_word' id='word_1_165' title='bbox 133 2099 222 2154; x_wconf 76' lang='lat' dir='ltr'><strong>‘Nos</strong></span> <span class='ocrx_word' id='word_1_166' title='bbox 243 2093 350 2169; x_wconf 86' lang='lat' dir='ltr'><strong>aliquid</strong></span> <span class='ocrx_word' id='word_1_167' title='bbox 373 2094 498 2153; x_wconf 92' lang='lat' dir='ltr'><strong>Rutulos</strong></span> <span class='ocrx_word' id='word_1_168' title='bbox 520 2105 621 2152; x_wconf 86' lang='lat' dir='ltr'><strong>contra</strong></span> <span class='ocrx_word' id='word_1_169' title='bbox 642 2093 755 2164; x_wconf 88' lang='lat' dir='ltr'><strong>iuvisse,</strong></span> <span class='ocrx_word' id='word_1_170' title='bbox 779 2095 938 2154; x_wconf 83' lang='lat' dir='ltr'><strong>nefandum</strong></span> <span class='ocrx_word' id='word_1_171' title='bbox 960 2096 1028 2153; x_wconf 81' lang='lat' dir='ltr'><strong>est?</strong></span> <span class='ocrx_word' id='word_1_172' title='bbox 1206 2119 1207 2140; x_wconf 62' lang='lat'>1</span> 
     </span>
     <span class='ocr_line' id='line_1_27' title="bbox 141 2173 1207 2250; baseline -0.001 -18"><span class='ocrx_word' id='word_1_173' title='bbox 141 2177 267 2232; x_wconf 82' lang='lat' dir='ltr'><strong>‘Aeneas</strong></span> <span class='ocrx_word' id='word_1_174' title='bbox 287 2177 405 2248; x_wconf 82' lang='lat' dir='ltr'><strong>ignarus</strong></span> <span class='ocrx_word' id='word_1_175' title='bbox 424 2173 515 2231; x_wconf 82' lang='lat' dir='ltr'><strong>abest:</strong></span> <span class='ocrx_word' id='word_1_176' title='bbox 539 2173 654 2246; x_wconf 90' lang='lat' dir='ltr'><strong>ignarus</strong></span> <span class='ocrx_word' id='word_1_177' title='bbox 676 2184 706 2232; x_wconf 88' lang='lat' dir='ltr'><strong>et</strong></span> <span class='ocrx_word' id='word_1_178' title='bbox 726 2174 809 2232; x_wconf 89' lang='lat' dir='ltr'><strong>absit.</strong></span> <span class='ocrx_word' id='word_1_179' title='bbox 1084 2176 1119 2250; x_wconf 85' lang='lat'><strong>85</strong></span> <span class='ocrx_word' id='word_1_180' title='bbox 1206 2179 1207 2206; x_wconf 79' lang='lat'>³</span> 
     </span>
     <span class='ocr_line' id='line_1_28' title="bbox 143 2249 984 2330; baseline -0.002 -19"><span class='ocrx_word' id='word_1_181' title='bbox 143 2257 212 2311; x_wconf 86' lang='lat' dir='ltr'><strong>‘Est</strong></span> <span class='ocrx_word' id='word_1_182' title='bbox 235 2253 358 2327; x_wconf 92' lang='lat' dir='ltr'><strong>Paphus,</strong></span> <span class='ocrx_word' id='word_1_183' title='bbox 383 2249 566 2325; x_wconf 87' lang='lat' dir='ltr'><strong>Idaliumque</strong></span> <span class='ocrx_word' id='word_1_184' title='bbox 588 2250 649 2322; x_wconf 90' lang='lat' dir='ltr'><strong>tibi,</strong></span> <span class='ocrx_word' id='word_1_185' title='bbox 673 2263 740 2310; x_wconf 87' lang='lat' dir='ltr'><strong>sunt</strong></span> <span class='ocrx_word' id='word_1_186' title='bbox 760 2253 819 2310; x_wconf 88' lang='lat' dir='ltr'><strong>alta</strong></span> <span class='ocrx_word' id='word_1_187' title='bbox 840 2253 984 2330; x_wconf 85' lang='lat' dir='ltr'><strong>Cythera:</strong></span> 
     </span>
     <span class='ocr_line' id='line_1_29' title="bbox 143 2330 1060 2406; baseline 0.001 -19"><span class='ocrx_word' id='word_1_188' title='bbox 143 2331 239 2404; x_wconf 88' lang='lat' dir='ltr'><strong>‘Quid</strong></span> <span class='ocrx_word' id='word_1_189' title='bbox 260 2330 407 2405; x_wconf 87' lang='lat' dir='ltr'><strong>gravidam</strong></span> <span class='ocrx_word' id='word_1_190' title='bbox 429 2330 512 2388; x_wconf 90' lang='lat' dir='ltr'><strong>bellis</strong></span> <span class='ocrx_word' id='word_1_191' title='bbox 533 2331 635 2388; x_wconf 90' lang='lat' dir='ltr'><strong>urbem</strong></span> <span class='ocrx_word' id='word_1_192' title='bbox 658 2340 687 2389; x_wconf 92' lang='lat' dir='ltr'><strong>et</strong></span> <span class='ocrx_word' id='word_1_193' title='bbox 708 2331 797 2389; x_wconf 89' lang='lat' dir='ltr'><strong>corda</strong></span> <span class='ocrx_word' id='word_1_194' title='bbox 819 2350 921 2406; x_wconf 88' lang='lat' dir='ltr'><strong>aspera</strong></span> <span class='ocrx_word' id='word_1_195' title='bbox 941 2334 1060 2389; x_wconf 82' lang='lat' dir='ltr'><strong>tentas?</strong></span> 
     </span>
     <span class='ocr_line' id='line_1_30' title="bbox 145 2408 916 2484; baseline 0.001 -17"><span class='ocrx_word' id='word_1_196' title='bbox 145 2413 263 2468; x_wconf 89' lang='lat' dir='ltr'><strong>‘Nosne</strong></span> <span class='ocrx_word' id='word_1_197' title='bbox 284 2408 335 2466; x_wconf 89' lang='lat' dir='ltr'><strong>tibi</strong></span> <span class='ocrx_word' id='word_1_198' title='bbox 356 2409 446 2466; x_wconf 88' lang='lat' dir='ltr'><strong>fluxas</strong></span> <span class='ocrx_word' id='word_1_199' title='bbox 468 2408 608 2484; x_wconf 87' lang='lat' dir='ltr'><strong>Phrygiae</strong></span> <span class='ocrx_word' id='word_1_200' title='bbox 627 2427 673 2468; x_wconf 91' lang='lat' dir='ltr'><strong>res</strong></span> <span class='ocrx_word' id='word_1_201' title='bbox 693 2419 803 2468; x_wconf 88' lang='lat' dir='ltr'><strong>vertere</strong></span> <span class='ocrx_word' id='word_1_202' title='bbox 824 2410 916 2468; x_wconf 81' lang='lat' dir='ltr'><strong>fundo</strong></span> 
     </span>
     <span class='ocr_line' id='line_1_31' title="bbox 144 2487 956 2563; baseline 0 -15"><span class='ocrx_word' id='word_1_203' title='bbox 144 2489 330 2548; x_wconf 75' lang='lat' dir='ltr'><strong>‘Conamuri</strong></span> <span class='ocrx_word' id='word_1_204' title='bbox 353 2489 429 2545; x_wconf 84' lang='lat' dir='ltr'><strong>nos?</strong></span> <span class='ocrx_word' id='word_1_205' title='bbox 453 2505 491 2545; x_wconf 89' lang='lat' dir='ltr'><strong>an</strong></span> <span class='ocrx_word' id='word_1_206' title='bbox 512 2487 632 2545; x_wconf 91' lang='lat' dir='ltr'><strong>miseros</strong></span> <span class='ocrx_word' id='word_1_207' title='bbox 655 2487 704 2563; x_wconf 92' lang='lat' dir='ltr'><strong>qui</strong></span> <span class='ocrx_word' id='word_1_208' title='bbox 724 2490 816 2546; x_wconf 88' lang='lat' dir='ltr'><strong>Troas</strong></span> <span class='ocrx_word' id='word_1_209' title='bbox 836 2487 956 2548; x_wconf 77' lang='lat' dir='ltr'><strong>Achivis</strong></span> 
     </span>
     <span class='ocr_line' id='line_1_32' title="bbox 142 2565 1119 2640; baseline -0.002 -14"><span class='ocrx_word' id='word_1_210' title='bbox 142 2567 297 2626; x_wconf 72' lang='lat' dir='ltr'><strong>‘Obiecitl</strong></span> <span class='ocrx_word' id='word_1_211' title='bbox 337 2566 421 2638; x_wconf 87' lang='lat' dir='ltr'><strong>Quae</strong></span> <span class='ocrx_word' id='word_1_212' title='bbox 439 2583 527 2624; x_wconf 87' lang='lat' dir='ltr'><strong>causa</strong></span> <span class='ocrx_word' id='word_1_213' title='bbox 547 2565 608 2637; x_wconf 87' lang='lat' dir='ltr'><strong>suit,</strong></span> <span class='ocrx_word' id='word_1_214' title='bbox 632 2585 804 2640; x_wconf 88' lang='lat' dir='ltr'><strong>consurgere</strong></span> <span class='ocrx_word' id='word_1_215' title='bbox 826 2566 857 2624; x_wconf 90' lang='lat' dir='ltr'><strong>in</strong></span> <span class='ocrx_word' id='word_1_216' title='bbox 878 2586 958 2624; x_wconf 90' lang='lat' dir='ltr'><strong>arma</strong></span> <span class='ocrx_word' id='word_1_217' title='bbox 1085 2585 1119 2640; x_wconf 85' lang='lat'><strong>90</strong></span> 
     </span>
     <span class='ocr_line' id='line_1_33' title="bbox 143 2643 996 2720; baseline -0.004 -15"><span class='ocrx_word' id='word_1_218' title='bbox 143 2649 364 2720; x_wconf 86' lang='lat' dir='ltr'><strong>‘Europamque</strong></span> <span class='ocrx_word' id='word_1_219' title='bbox 384 2643 552 2719; x_wconf 88' lang='lat' dir='ltr'><strong>Asiamque,</strong></span> <span class='ocrx_word' id='word_1_220' title='bbox 576 2655 605 2702; x_wconf 89' lang='lat' dir='ltr'><strong>et</strong></span> <span class='ocrx_word' id='word_1_221' title='bbox 626 2645 745 2703; x_wconf 83' lang='lat' dir='ltr'><strong>foedera</strong></span> <span class='ocrx_word' id='word_1_222' title='bbox 766 2645 876 2702; x_wconf 91' lang='lat' dir='ltr'><strong>solvere</strong></span> <span class='ocrx_word' id='word_1_223' title='bbox 897 2646 996 2702; x_wconf 81' lang='lat' dir='ltr'><strong>furto?</strong></span> 
     </span>
     <span class='ocr_line' id='line_1_34' title="bbox 143 2721 1007 2796; baseline -0.001 -14"><span class='ocrx_word' id='word_1_224' title='bbox 143 2727 213 2784; x_wconf 90' lang='lat' dir='ltr'><strong>‘Me</strong></span> <span class='ocrx_word' id='word_1_225' title='bbox 234 2725 309 2782; x_wconf 91' lang='lat' dir='ltr'><strong>duce</strong></span> <span class='ocrx_word' id='word_1_226' title='bbox 334 2722 499 2780; x_wconf 90' lang='lat' dir='ltr'><strong>Dardanius</strong></span> <span class='ocrx_word' id='word_1_227' title='bbox 521 2724 653 2796; x_wconf 88' lang='lat' dir='ltr'><strong>Spartam</strong></span> <span class='ocrx_word' id='word_1_228' title='bbox 675 2721 851 2796; x_wconf 89' lang='lat' dir='ltr'><strong>expugnavit</strong></span> <span class='ocrx_word' id='word_1_229' title='bbox 872 2723 1007 2781; x_wconf 87' lang='lat' dir='ltr'><strong>adulter?</strong></span> 
     </span>
     <span class='ocr_line' id='line_1_35' title="bbox 141 2800 878 2878; baseline -0.005 -15"><span class='ocrx_word' id='word_1_230' title='bbox 141 2807 218 2863; x_wconf 89' lang='lat' dir='ltr'><strong>‘Aut</strong></span> <span class='ocrx_word' id='word_1_231' title='bbox 239 2822 294 2878; x_wconf 90' lang='lat' dir='ltr'><strong>ego</strong></span> <span class='ocrx_word' id='word_1_232' title='bbox 317 2802 375 2861; x_wconf 88' lang='lat' dir='ltr'><strong>tela</strong></span> <span class='ocrx_word' id='word_1_233' title='bbox 396 2801 472 2872; x_wconf 88' lang='lat' dir='ltr'><strong>dedi,</strong></span> <span class='ocrx_word' id='word_1_234' title='bbox 495 2801 590 2860; x_wconf 83' lang='lat' dir='ltr'><strong>fovive</strong></span> <span class='ocrx_word' id='word_1_235' title='bbox 613 2800 758 2875; x_wconf 85' lang='lat' dir='ltr'><strong>Cupidine</strong></span> <span class='ocrx_word' id='word_1_236' title='bbox 779 2801 878 2859; x_wconf 83' lang='lat' dir='ltr'><strong>bella?</strong></span> 
     </span>
    </p>

    <p class='ocr_par' dir='ltr' id='par_1_4' title="bbox 142 2879 1207 3109">
     <span class='ocr_line' id='line_1_36' title="bbox 142 2879 943 2954; baseline -0.002 -14"><span class='ocrx_word' id='word_1_237' title='bbox 142 2885 237 2940; x_wconf 90' lang='lat' dir='ltr'><strong>‘Tum</strong></span> <span class='ocrx_word' id='word_1_238' title='bbox 259 2880 357 2939; x_wconf 90' lang='lat' dir='ltr'><strong>decuit</strong></span> <span class='ocrx_word' id='word_1_239' title='bbox 379 2881 516 2938; x_wconf 90' lang='lat' dir='ltr'><strong>metuisse</strong></span> <span class='ocrx_word' id='word_1_240' title='bbox 538 2879 611 2952; x_wconf 89' lang='lat' dir='ltr'><strong>tuis;</strong></span> <span class='ocrx_word' id='word_1_241' title='bbox 635 2896 714 2936; x_wconf 91' lang='lat' dir='ltr'><strong>nunc</strong></span> <span class='ocrx_word' id='word_1_242' title='bbox 735 2897 800 2936; x_wconf 92' lang='lat' dir='ltr'><strong>sera</strong></span> <span class='ocrx_word' id='word_1_243' title='bbox 819 2879 943 2954; x_wconf 91' lang='lat' dir='ltr'><strong>querelis</strong></span> 
     </span>
     <span class='ocr_line' id='line_1_37' title="bbox 143 2956 1207 3034; baseline -0.005 -15"><span class='ocrx_word' id='word_1_244' title='bbox 143 2959 251 3019; x_wconf 90' lang='lat' dir='ltr'><strong>‘Haud</strong></span> <span class='ocrx_word' id='word_1_245' title='bbox 273 2958 356 3018; x_wconf 92' lang='lat' dir='ltr'><strong>iustis</strong></span> <span class='ocrx_word' id='word_1_246' title='bbox 376 2958 514 3032; x_wconf 68' lang='lat' dir='ltr'><strong>adsurgis</strong></span> <span class='ocrx_word' id='word_1_247' title='bbox 539 2968 568 3016; x_wconf 89' lang='lat' dir='ltr'><strong>et</strong></span> <span class='ocrx_word' id='word_1_248' title='bbox 589 2956 674 3016; x_wconf 85' lang='lat' dir='ltr'><strong>inrita</strong></span> <span class='ocrx_word' id='word_1_249' title='bbox 695 2956 785 3031; x_wconf 88' lang='lat' dir='ltr'><strong>iurgia</strong></span> <span class='ocrx_word' id='word_1_250' title='bbox 805 2956 912 3015; x_wconf 73' lang='lat' dir='ltr'><strong>iactas’</strong></span> <span class='ocrx_word' id='word_1_251' title='bbox 1084 2974 1115 3034; x_wconf 81' lang='lat'><strong>95</strong></span> <span class='ocrx_word' id='word_1_252' title='bbox 1206 2987 1207 2996; x_wconf 25' lang='grc' dir='ltr'><strong>κ</strong></span> 
     </span>
     <span class='ocr_line' id='line_1_38' title="bbox 180 3035 895 3109; baseline 0 -15"><span class='ocrx_word' id='word_1_253' title='bbox 180 3038 302 3094; x_wconf 92' lang='lat' dir='ltr'><strong>Talibus</strong></span> <span class='ocrx_word' id='word_1_254' title='bbox 324 3038 425 3094; x_wconf 89' lang='lat' dir='ltr'><strong>orabat</strong></span> <span class='ocrx_word' id='word_1_255' title='bbox 447 3038 530 3105; x_wconf 88' lang='lat' dir='ltr'><strong>Iuno,</strong></span> <span class='ocrx_word' id='word_1_256' title='bbox 555 3035 711 3109; x_wconf 89' lang='lat' dir='ltr'><strong>cunctique</strong></span> <span class='ocrx_word' id='word_1_257' title='bbox 733 3037 895 3094; x_wconf 82' lang='lat' dir='ltr'><strong>fremebant</strong></span> 
     </span>
    </p>

    <p class='ocr_par' dir='ltr' id='par_1_5' title="bbox 141 3112 945 3338">
     <span class='ocr_line' id='line_1_39' title="bbox 141 3112 905 3187; baseline -0.001 -16"><span class='ocrx_word' id='word_1_258' title='bbox 141 3113 308 3172; x_wconf 89' lang='lat' dir='ltr'><strong>Caelicolae</strong></span> <span class='ocrx_word' id='word_1_259' title='bbox 328 3112 454 3170; x_wconf 87' lang='lat' dir='ltr'><strong>adsensu</strong></span> <span class='ocrx_word' id='word_1_260' title='bbox 475 3112 573 3185; x_wconf 79' lang='lat' dir='ltr'><strong>vari03</strong></span> <span class='ocrx_word' id='word_1_261' title='bbox 596 3132 651 3170; x_wconf 89' lang='lat' dir='ltr'><strong>ceu</strong></span> <span class='ocrx_word' id='word_1_262' title='bbox 673 3113 790 3170; x_wconf 89' lang='lat' dir='ltr'><strong>flamina</strong></span> <span class='ocrx_word' id='word_1_263' title='bbox 812 3113 905 3187; x_wconf 89' lang='lat' dir='ltr'><strong>prima</strong></span> 
     </span>
     <span class='ocr_line' id='line_1_40' title="bbox 142 3189 945 3260; baseline 0.006 -15"><span class='ocrx_word' id='word_1_264' title='bbox 142 3190 219 3246; x_wconf 92' lang='lat' dir='ltr'><strong>Cum</strong></span> <span class='ocrx_word' id='word_1_265' title='bbox 242 3189 384 3260; x_wconf 87' lang='lat' dir='ltr'><strong>deprensa</strong></span> <span class='ocrx_word' id='word_1_266' title='bbox 404 3190 530 3245; x_wconf 81' lang='lat' dir='ltr'><strong>fremunt</strong></span> <span class='ocrx_word' id='word_1_267' title='bbox 547 3189 633 3260; x_wconf 88' lang='lat' dir='ltr'><strong>silvis,</strong></span> <span class='ocrx_word' id='word_1_268' title='bbox 656 3201 685 3248; x_wconf 93' lang='lat' dir='ltr'><strong>et</strong></span> <span class='ocrx_word' id='word_1_269' title='bbox 705 3209 793 3248; x_wconf 85' lang='lat' dir='ltr'><strong>caeca</strong></span> <span class='ocrx_word' id='word_1_270' title='bbox 812 3192 945 3250; x_wconf 86' lang='lat' dir='ltr'><strong>volutant</strong></span> 
     </span>
     <span class='ocr_line' id='line_1_41' title="bbox 144 3265 882 3338; baseline 0.007 -16"><span class='ocrx_word' id='word_1_271' title='bbox 144 3265 300 3331; x_wconf 87' lang='lat' dir='ltr'><strong>Murmura,</strong></span> <span class='ocrx_word' id='word_1_272' title='bbox 321 3273 457 3320; x_wconf 91' lang='lat' dir='ltr'><strong>venturos</strong></span> <span class='ocrx_word' id='word_1_273' title='bbox 478 3265 574 3322; x_wconf 87' lang='lat' dir='ltr'><strong>nautis</strong></span> <span class='ocrx_word' id='word_1_274' title='bbox 596 3267 750 3338; x_wconf 88' lang='lat' dir='ltr'><strong>prodentia</strong></span> <span class='ocrx_word' id='word_1_275' title='bbox 771 3277 882 3327; x_wconf 89' lang='lat' dir='ltr'><strong>ventos.</strong></span> 
     </span>
    </p>
   </div>
   <div class='ocr_carea' id='block_1_3' title="bbox 0 0 1241 3686">
    <p class='ocr_par' dir='ltr' id='par_1_6' title="bbox 0 0 1241 3686">
     <span class='ocr_line' id='line_1_42' title="bbox 0 0 1241 3686; baseline 0 0"><span class='ocrx_word' id='word_1_276' title='bbox 0 0 1241 3686; x_wconf 95' lang='lat' dir='ltr'><strong> </strong></span> 
     </span>
    </p>
   </div>
  </div>
 </body>
</html>
