2462 3678
357 44 597 104 Aruernos
621 45 706 102 rsa.
739 45 804 100 νη.
1023 60 1078 116 293

34 175 169 233 Dant
190 173 307 232 animos
327 173 451 249 plagae:
473 191 534 231 non
555 191 642 231 cursu
662 171 779 248 segnior
799 171 849 230 illo

36 256 130 312 Per
164 253 277 313 medias
299 254 387 312 urbes
408 252 503 329 agitur
521 253 709 328 populosque
732 254 852 312 feroces.

36 333 166 406 Quin
187 333 277 392 etiam
297 331 328 391 in
349 331 444 403 silvas,
464 331 602 392 simulato
621 331 742 391 numine
764 331 881 405 Bacchi,
1022 331 1078 406 385

38 411 185 472 Maius
206 414 311 472 adorta
331 413 422 484 nefas,
442 411 646 488 maioremque
666 431 733 470 orsa
752 413 888 484 furorem,

37 494 200 564 Evolat,
226 503 256 552 et
277 503 378 550 natam
396 491 543 552 frondosis
565 491 715 551 montibus
735 492 826 565 abdit,

42 575 156 647 Quo
174 573 337 632 thalamum
356 570 461 648 eripiat
481 571 613 644 Teucris,
637 573 799 648 taedasque
820 581 957 631 moretur.

42 653 200 722 Euhoe,
227 652 351 723 Bacche,
375 653 511 722 fremens,
538 653 633 710 solum
656 663 685 711 te
705 651 816 728 virgine
837 651 959 728 dignum

43 732 275 792 Vociferans:
303 729 413 791 etenim
430 733 534 791 molles
553 731 606 790 tibi
623 751 739 792 sumere
755 733 879 808 thyrsos,
1021 750 1079 806 390

44 814 117 872 Te
149 813 273 871 lustrare
292 812 407 882 choroS,
427 831 543 870 sacrum
563 810 616 871 tibi
637 830 757 887 pascere
776 811 895 870 crinem.

48 894 178 951 Fama
197 892 286 963 volat,
305 890 446 966 furiisque
465 911 605 950 accensas
623 903 743 967 pectore
762 903 870 951 matres

50 973 171 1031 Idem
191 990 294 1031 omnes
316 971 402 1030 simul
423 973 510 1031 ardor
527 971 595 1048 agit,
617 991 696 1030 nova
713 990 852 1048 quaerere
872 982 957 1031 tecta

53 1054 250 1111 Deseruere
268 1052 382 1123 domos,
400 1051 495 1110 ventis
515 1052 588 1110 dant
608 1052 686 1110 colla
701 1070 882 1126 comasque:

55 1135 139 1191 Ast
159 1130 235 1190 aliae
252 1130 384 1190 tremulis
404 1131 563 1190 ululatibus
582 1132 702 1191 aethera
724 1133 883 1207 complent,
1020 1148 1076 1207 395

57 1210 324 1287 Pampineasque
344 1222 448 1286 gemnt
468 1209 615 1271 incinctae
632 1211 758 1286 pellibus
776 1212 882 1270 hastas.

58 1294 159 1367 Ipsa
180 1289 257 1349 inter
277 1291 391 1350 medias
410 1291 582 1366 flagrantem
600 1291 713 1350 fervida
729 1289 833 1366 pinum

60 1369 224 1441 Sustinet,
240 1389 275 1428 ac
294 1382 381 1429 natae
399 1370 552 1446 Turnique
573 1370 652 1430 canit
668 1372 857 1446 hymenaeos,

62 1449 283 1526 Sanguineam
302 1461 443 1527 torquens
460 1451 563 1522 aciem,
582 1462 756 1526 torvumque
779 1461 902 1527 repente

66 1532 221 1591 Clamat:
248 1531 303 1588 ‘Io
327 1541 443 1604 matres,
466 1531 574 1601 audite,
595 1530 646 1589 ubi
666 1549 809 1606 quaeque,
831 1531 962 1592 Latinae.
1019 1553 1078 1605 400

68 1610 131 1669 ‘Si
157 1628 216 1685 qua
232 1608 288 1685 piis
308 1609 414 1668 animis
433 1621 534 1670 manet
554 1609 678 1670 infelicis
697 1613 824 1670 Amatae

67 1689 213 1763 ‘Gratia
237 1687 261 1748 si
278 1687 346 1748 iuris
367 1689 492 1750 materni
509 1709 579 1749 cura
595 1691 758 1750 remordet:

71 1769 216 1829 ‘Solvite
235 1769 359 1828 crinales
378 1769 474 1842 vittas,
493 1769 591 1846 capite
611 1770 692 1847 orgia
710 1771 844 1830 mecum!

69 1851 191 1909 Talem
210 1849 287 1908 inter
307 1849 402 1920 silvas
420 1849 497 1909 inter
514 1853 631 1910 deserta
647 1852 781 1922 feramm,

75 1928 234 2006 Reginam
255 1929 373 1988 Allecto
393 1929 516 1989 stimulis
533 1930 593 2006 agit
613 1929 743 2006 undique
764 1929 881 1990 Bacchi.
1019 1949 1076 2008 405

126 2012 290 2084 Postquam
311 2008 374 2068 visa
393 2008 462 2069 satis
481 2009 591 2086 primos
610 2010 725 2069 acuisse
744 2012 863 2080 furores

76 2089 311 2164 Consiliumque
332 2108 511 2164 omnemque
530 2090 653 2149 domum
670 2089 790 2148 vertisse
812 2090 931 2149 Latini:

77 2168 224 2228 Protinus
243 2168 313 2228 hinc
331 2168 420 2228 fuscis
441 2170 530 2228 tristis
551 2170 609 2228 dea
629 2169 739 2229 tollitur
757 2169 810 2228 alis

74 2247 216 2308 Audacis
236 2248 339 2307 Rutuli
357 2250 397 2308 ad
415 2269 523 2322 muros,
542 2267 631 2324 quam
651 2248 758 2308 dicitur
777 2249 879 2309 urbem

76 2327 265 2388 Acrisioneis
284 2331 390 2387 Danae
408 2329 548 2388 fundasse
568 2328 690 2400 coloniS,
1019 2351 1078 2404 410

78 2407 242 2484 Praecipiti
261 2407 359 2467 delata
378 2411 470 2468 Noto.
513 2412 611 2468 Locus
629 2411 729 2469 Ardea
746 2410 897 2484 quondam

80 2487 192 2547 Dictus
208 2487 270 2546 avis
280 2510 288 2560 3
316 2500 346 2546 et
368 2507 447 2546 nune
466 2507 606 2564 magnum
627 2500 726 2549 manet
743 2490 843 2548 Ardea
861 2509 990 2559 nomem

79 2568 144 2628 Sed
162 2568 278 2626 fortuna
296 2567 357 2626 suit.
401 2568 500 2627 Tectis
522 2567 571 2626 hic
590 2571 707 2627 Turnus
725 2568 755 2627 in
772 2570 838 2628 altis

82 2651 153 2706 Iam
172 2646 301 2706 mediam
323 2647 404 2723 nigra
423 2650 565 2724 carpebat
587 2659 675 2707 nocte
692 2649 831 2723 quietem.

81 2727 202 2786 Allecto
224 2737 337 2785 torvam
358 2727 464 2786 faciem
485 2740 515 2787 et
535 2727 648 2786 furialia
668 2729 802 2786 membra
1019 2747 1075 2806 415

84 2805 195 2878 Exuit3
222 2806 252 2865 in
275 2808 372 2865 voltus
391 2825 455 2866 sese
474 2808 659 2866 transformat
676 2807 777 2878 anileS,
817 2837 822 2848 ·

85 2890 126 2946 Et
147 2888 273 2945 frontem
295 2887 455 2945 obscenam
473 2886 553 2963 rugis
570 2897 650 2945 arat:
677 2885 775 2946 induit
791 2887 874 2946 albos

85 2969 165 3028 Cum
185 2965 258 3024 vitta
276 2965 389 3038 crines;
417 2978 480 3025 tum
504 2986 617 3025 ramum
636 2965 760 3025 innectit
779 2966 894 3027 olivae:

86 3046 133 3106 Fit
153 3046 273 3122 Calybe,
294 3045 418 3104 Iunonis
437 3065 511 3105 anus
531 3045 694 3122 templique
711 3048 857 3117 sacerdos

88 3129 127 3186 Et
146 3124 244 3184 iuveni
264 3135 334 3184 ante
355 3127 457 3185 oculos
478 3125 523 3184 his
545 3145 576 3184 se
597 3145 665 3184 curn
686 3126 809 3186 vocibus
833 3127 935 3186 offert:
1019 3147 1078 3199 420

90 3208 214 3277 ‘Turne
236 3215 280 3264 tot
301 3204 447 3262 incassum
468 3206 548 3264 fusos
569 3205 681 3282 patiere
702 3207 824 3278 laboreS,

89 3287 144 3344 ‘Et
166 3297 217 3344 tua
238 3283 395 3344 Dardaniis
416 3284 568 3345 transcribi
589 3296 705 3360 sceptra
726 3285 860 3345 colonis?
