2494 3702
347 787 379 857 Ρ.
408 785 608 857 verrom
641 783 863 856 nunonis

347 968 393 1058 G
409 966 512 1059 EO
528 966 574 1058 R
587 967 634 1059 G
649 964 671 1056 l
690 963 794 1059 CO
812 965 858 1057 Ν

407 1177 551 1239 LIBER
582 1175 801 1239 TERTIUS.

73 1383 152 1488 ffi
172 1429 303 1488 quoque,
325 1429 432 1486 magna
454 1411 548 1481 Pales,
571 1419 600 1468 et
621 1418 651 1468 te
671 1410 862 1469 memorande
884 1429 1026 1471 canemus

94 1497 208 1552 Pastor
228 1495 266 1550 ab
288 1493 464 1566 Amphryso,
486 1509 548 1562 vos,
571 1489 661 1548 silvae
682 1507 844 1566 amnesque
865 1491 980 1566 Lycaei.

97 1576 222 1645 Cetera,
244 1590 320 1647 quae
341 1590 449 1628 vacuas
470 1568 634 1628 tenuissent
654 1569 783 1629 carmine
804 1582 927 1642 mentes,

97 1654 217 1715 Omnia
236 1650 296 1710 iam
317 1653 452 1726 volgata:
480 1649 546 1725 quis
566 1661 617 1708 aut
639 1651 802 1725 Eurysthea
822 1651 937 1724 durum,

96 1737 165 1792 Aut
185 1730 330 1790 inlaudati
349 1729 444 1790 nescit
464 1728 605 1789 Busiridis
625 1732 711 1789 aras?
1084 1749 1100 1808 5

99 1813 164 1874 Cui
184 1831 245 1872 non
266 1812 363 1870 dictus
385 1811 480 1887 Hylas
500 1829 582 1886 puer,
604 1823 633 1869 et
654 1809 781 1870 Latonia
801 1812 904 1884 DeloS,

98 1893 370 1969 Hippodameque,
393 1909 554 1966 umeroque
575 1891 685 1966 Pelops
706 1889 828 1968 insignis
849 1893 970 1962 eburno,

98 1977 183 2033 Acer
202 1971 310 2047 equis?
337 1971 511 2046 temptanda
530 1969 579 2029 via
598 1981 651 2044 est,
673 1990 733 2046 qua
753 1990 801 2030 me
822 1990 942 2047 quoque
962 1971 1075 2046 possim

98 2053 224 2113 Tollere
245 2053 337 2110 humo
351 2042 624 2138 ivi‘cto‘rquexirum
644 2051 773 2114 volitare
787 2069 840 2126 per
861 2069 920 2119 ora„-
961 2109 967 2118 ,

100 2132 223 2192 Primus
244 2150 300 2207 ego
319 2130 352 2190 in
373 2131 496 2206 patriam
517 2149 643 2202 mecum,
665 2132 757 2190 modo
777 2129 838 2189 vita
858 2129 993 2206 supersit,
1067 2151 1102 2189 10

100 2212 206 2277 Aonio
225 2211 343 2271 rediens
364 2211 511 2270 deducam
530 2210 639 2270 vertice
660 2213 763 2269 Musas
773 2231 782 2283 ;

101 2292 222 2352 Primus
242 2291 399 2350 Idumaeas
419 2292 543 2349 referam
564 2290 625 2361 tibi,
649 2293 782 2363 Mantua,
805 2291 918 2366 palmas

102 2376 146 2432 Et
166 2371 252 2431 viridi
272 2371 303 2429 in
324 2389 431 2447 campo
452 2371 596 2446 templum
617 2371 656 2429 de
677 2389 822 2430 marmore
842 2391 954 2447 ponam

102 2455 230 2529 Propter
250 2470 367 2527 aquam,
389 2449 479 2510 tardis
499 2449 603 2527 ingens
623 2450 675 2510 ubi
695 2450 819 2511 flexibus
839 2463 915 2511 errat

103 2531 238 2592 Mincius
259 2543 288 2591 et
308 2542 409 2591 tenera
429 2530 572 2608 praetexit
592 2531 756 2591 hamndine
776 2530 861 2608 ripas·
1066 2550 1100 2609 15

104 2617 143 2672 In
166 2612 265 2672 medio
286 2611 360 2670 mihi
381 2613 491 2672 Caesar
510 2608 564 2670 erit
584 2613 787 2688 templumque
808 2611 930 2672 tenebit.

105 2693 156 2753 Illi
177 2691 271 2752 victor
291 2711 346 2768 ego
366 2703 396 2751 et
417 2691 507 2768 Tyrio
528 2703 705 2768 conspectus
726 2691 756 2750 in
778 2702 858 2752 ostro

104 2776 237 2836 Centum
257 2771 446 2849 quadriiugos
467 2771 585 2848 agitabo
605 2773 644 2831 ad
666 2773 787 2831 flumina
807 2791 912 2830 currus.

105 2857 225 2916 Cuncta
244 2851 316 2911 mihi
336 2853 484 2928 Alpheum
506 2851 643 2928 linquens
664 2853 806 2927 lucosque
829 2851 977 2911 Molorchi

106 2933 250 2994 Cursibus
271 2944 301 2992 et
321 2932 413 2991 crudo
433 2933 573 2992 decernet
593 2931 718 2992 Graecia
738 2942 846 2991 caestu.
1017 3004 1019 3008 ι
1064 2953 1102 2991 20

108 3017 178 3091 Ipse
199 3024 287 3088 caput
307 3022 412 3071 tonsae
432 3011 508 3072 soliis
528 3023 646 3071 ornatus
668 3010 762 3070 olivae

108 3096 198 3154 Dona
217 3094 317 3152 seram.
359 3094 425 3151 Iam
445 3111 526 3151 nuuc
547 3093 705 3151 sollemnes
724 3093 833 3151 ducere
853 3109 981 3168 pompas

108 3176 158 3234 Ad
179 3174 303 3232 delubra
321 3169 402 3232 iuvat
422 3191 583 3249 caesosque
602 3171 703 3231 videre
722 3171 863 3231 iuvencos
872 3192 881 3244 ;

107 3255 166 3313 Vel
186 3272 294 3313 scaena
314 3263 346 3311 ut
366 3252 461 3312 versis*
478 3252 612 3311 discedat
632 3251 786 3323 frontibus,
808 3262 900 3326 utque

109 3338 258 3410 Purpurea
277 3330 380 3392 intexti
401 3332 505 3391 tollant
525 3332 628 3389 aulaea
648 3330 785 3388 Britanni
1064 3347 1098 3403 25

176 3463 278 3509 snt.
991 3469 1009 3524 9
