2462 3678
129 44 186 115 284
380 43 416 100 Ρ.
451 43 640 102 Vaaorrr
662 44 875 102 MARONJS

130 169 207 228 Cum
228 167 309 229 venti
328 188 463 244 posuere,
485 167 641 246 omnisque
661 181 784 246 repente
803 171 911 230 resedit

130 251 239 322 FlatuS,
262 259 292 309 et
313 249 343 308 in
364 252 446 309 lento
466 250 615 309 luctantur
635 270 780 311 marmore
801 261 910 311 tonsae.

128 332 229 406 Atque
249 329 300 388 hic
319 332 438 390 Aeneas
457 329 609 406 ingentem
631 350 667 391 err
688 350 818 406 aequore
837 333 937 390 lucum

129 409 282 486 Prospicit.
327 412 421 469 Hunc
441 411 517 470 inter
536 410 626 470 fluvio
647 410 805 471 Tiberinus
825 431 953 471 amoeno
1089 431 1123 486 30

128 489 296 550 Verticibus
316 491 428 568 rapidis
449 501 479 551 et
500 492 594 550 multa
614 492 707 550 flavus
727 511 817 550 arena

129 572 166 630 In
186 590 267 630 mare
288 571 451 648 prorumpit
461 592 469 644 ;
489 571 586 632 variae
606 571 776 648 circumque
797 590 945 648 supraque

128 652 281 711 Adsuetae
300 651 370 728 ripis
391 653 524 712 volucres
545 662 575 711 et
595 651 724 711 fluminis
745 653 831 712 alveo

128 733 257 792 Aethera
277 733 447 792 mulcebant
468 743 558 791 cantu
579 733 706 808 lucoque
726 733 875 792 volabant.

129 813 261 872 Flectere
282 810 337 872 iter
357 811 445 872 sociis
465 823 617 888 terraeque
637 814 789 872 advertere
809 832 911 890 proras
1090 828 1123 886 35

129 894 269 968 Imperat,
291 902 321 952 et
341 893 434 952 laetus
455 892 544 952 fluvio
565 893 698 952 succedit
718 912 823 969 opaco.

168 975 257 1031 Nunc
277 992 340 1049 age,
363 972 414 1049 qui
434 992 527 1050 reges,
550 975 649 1045 Erato,
671 992 748 1049 quae
769 985 903 1050 tempora
922 993 1033 1048 rerum,

128 1051 203 1126 Quis
224 1053 310 1113 Latio
331 1051 453 1129 antiquo
474 1053 561 1112 fuerit
581 1064 681 1126 status,
703 1055 820 1113 advena
840 1057 965 1114 classem

128 1136 206 1194 Cum
226 1133 353 1210 primurn
373 1132 515 1193 Ausoniis
537 1133 680 1193 exercitus
701 1133 815 1210 appulit
836 1134 904 1207 oriS,

128 1215 302 1290 Expediam,
325 1225 354 1273 et
374 1213 488 1291 primae
507 1216 655 1273 revocabo
677 1215 796 1274 exordia
816 1234 940 1291 pugnae.
1089 1233 1124 1284 40

126 1296 175 1353 Tu
194 1306 302 1366 vatem,
325 1303 366 1366 tu,
388 1294 465 1366 diva,
487 1312 584 1354 mone
631 1293 739 1352 Dicam
759 1295 878 1354 horrida
898 1296 985 1369 bella,

127 1373 235 1433 Dicam
256 1374 343 1448 acies,
365 1386 509 1450 actosque
529 1373 635 1432 animis
656 1372 687 1432 in
707 1375 810 1434 sunera
830 1393 920 1453 reges,

126 1455 367 1530 Tyrrhenamque
388 1474 518 1524 manum,
541 1465 694 1530 totamque
715 1457 770 1514 sub
790 1474 872 1514 arma
891 1465 1030 1516 coactam

128 1534 314 1611 Hesperiam.
358 1535 457 1594 Maior
476 1554 573 1594 rerum
594 1534 666 1594 mihi
687 1535 816 1594 nascitur
836 1535 928 1614 ord03

129 1617 228 1676 Maius
249 1634 325 1692 opus
345 1635 460 1675 moveo.

1191 1617 1192 1648 l

527 1782 594 1840 Rex
615 1799 683 1840 arva
704 1778 828 1840 Latinus
849 1789 879 1840 et
899 1779 989 1840 urbes
1084 1795 1119 1855 45

127 1861 192 1919 Iam
213 1858 312 1920 senior
330 1861 420 1937 longa
440 1859 572 1938 placidas
593 1860 623 1919 in
644 1881 717 1937 pace
738 1862 866 1938 regebat
1191 1925 1192 1934 χ

127 1943 220 2000 Hunc
240 1943 344 2000 Fauno
365 1952 395 2000 et
415 1943 546 2018 nympha
566 1941 698 2018 genitum
719 1943 867 2001 Laurente
888 1939 1003 2000 Marica
1191 1943 1192 1946 ’

125 2020 315 2098 Accipimus:
344 2023 448 2081 Fauno
469 2022 557 2081 Picus
577 2033 678 2097 pater:
699 2020 783 2098 isque
802 2031 956 2099 parentem

125 2104 180 2174 Te,
202 2104 336 2174 Saturne,
356 2104 442 2162 refert
452 2123 461 2175 3
481 2113 512 2161 tu
535 2101 682 2178 sanguinis
703 2102 824 2162 ultimus
844 2111 954 2161 auctor.
1191 2175 1192 2180 η

126 2181 218 2241 Filius
238 2182 306 2241 huic
326 2183 387 2241 fato
409 2182 508 2242 divom
529 2185 685 2259 prolesque
705 2181 794 2242 virilis
1080 2197 1116 2257 50

126 2263 217 2320 Nulla
236 2263 298 2334 suit,
320 2263 473 2339 primaque
494 2264 591 2323 oriens
612 2275 713 2339 erepta
732 2262 851 2328 iuventa
872 2273 923 2321 est.

126 2343 194 2401 Sola
215 2344 337 2401 domurn
359 2354 389 2402 et
409 2353 506 2402 tantas
527 2345 661 2404 servabat
682 2344 740 2402 filia
761 2345 876 2414 sedeS,⁴

127 2425 192 2481 Iam
213 2434 327 2482 matura
346 2424 417 2496 vir0,
439 2422 498 2482 iarn
519 2424 615 2501 plenis
635 2423 743 2483 nubilis
763 2422 857 2482 annis.

127 2503 215 2563 Multi
236 2503 315 2562 illam
337 2524 446 2580 magno
467 2524 484 2563 e
505 2504 590 2564 Latio
611 2514 731 2580 totaque
751 2504 892 2580 petebant

125 2583 276 2660 Ausonia;
298 2584 371 2661 petit
392 2595 461 2644 ante
481 2585 555 2644 alios
575 2583 786 2661 pulcherrimus
807 2602 911 2641 omnes
1078 2599 1112 2658 55
1191 2595 1192 2598 ’

125 2667 251 2736 Turnus,
272 2665 334 2724 avis
355 2664 506 2741 atavisque
527 2675 642 2741 potens,
666 2683 754 2740 quern
776 2663 856 2738 regia
876 2660 1006 2722 coniunx

125 2744 255 2822 Adiungi
275 2765 416 2822 generum
438 2745 511 2805 miro
533 2746 712 2821 properabat
732 2763 850 2817 amore;

125 2827 184 2885 Sed
204 2825 290 2884 variis
310 2836 446 2901 portenta
466 2828 557 2885 deum
578 2824 735 2884 terroribus
756 2825 883 2883 obstant.

126 2907 238 2965 Laurus
260 2917 320 2964 erat
341 2905 411 2966 tecti
432 2905 532 2965 medio
553 2905 584 2964 in
605 2904 806 2982 penetralibus
825 2902 900 2975 altis,

125 2987 212 3044 Sacra
232 3001 357 3058 comam,
378 2988 547 3062 multosque
567 2996 648 3044 metu
669 2993 783 3044 servata
802 3002 855 3059 per
875 3001 978 3054 annos
1073 2985 1108 3042 60

125 3067 222 3140 Quam
243 3076 326 3140 pater
345 3065 503 3137 inventam,
525 3065 635 3141 primas
656 3084 723 3122 curn
744 3065 887 3122 conderet
905 3081 996 3136 arceS,

125 3149 195 3222 Ipse
215 3145 361 3202 serebatur
382 3146 505 3204 Phoebo
526 3163 656 3204 sacrasse
677 3143 807 3216 Latinus,

125 3228 344 3295 Laurentesque
364 3225 403 3278 ab
425 3241 460 3278 ea
480 3241 590 3280 nornen
611 3223 745 3298 posuisse
766 3223 901 3282 colonis.-

126 3300 224 3360 Huius
245 3318 316 3374 apes
337 3317 482 3355 summum
504 3301 614 3358 densae
637 3301 781 3374 (mirabile
802 3301 895 3380 dictu)
