<?xml version="1.0" encoding="UTF-8"?>
<!DOCTYPE html PUBLIC "-//W3C//DTD XHTML 1.0 Transitional//EN"
    "http://www.w3.org/TR/xhtml1/DTD/xhtml1-transitional.dtd">
<html xmlns="http://www.w3.org/1999/xhtml" xml:lang="en" lang="en">
 <head>
  <title>
</title>
<meta http-equiv="Content-Type" content="text/html;charset=utf-8" />
  <meta name='ocr-system' content='tesseract 3.04.00' />
  <meta name='ocr-capabilities' content='ocr_page ocr_carea ocr_par ocr_line ocrx_word'/>
</head>
<body>
  <div class='ocr_page' id='page_1' title='image "./pvergilimaronis13virggoog/pvergilimaronis13virggoog_0192.png"; bbox 0 0 2460 3686; ppageno 0'>
   <div class='ocr_carea' id='block_1_1' title="bbox 432 72 1131 151">
    <p class='ocr_par' dir='ltr' id='par_1_1' title="bbox 432 72 1131 151">
     <span class='ocr_line' id='line_1_1' title="bbox 432 72 1131 151; baseline 0.003 -20"><span class='ocrx_word' id='word_1_1' title='bbox 432 72 672 134; x_wconf 80' lang='lat' dir='ltr'><em>AENEJDOS</em></span> <span class='ocrx_word' id='word_1_2' title='bbox 689 75 774 134; x_wconf 77' lang='lat' dir='ltr'>ala</span> <span class='ocrx_word' id='word_1_3' title='bbox 797 75 843 135; x_wconf 75' lang='grc' dir='ltr'>Π.</span> <span class='ocrx_word' id='word_1_4' title='bbox 1075 78 1131 151; x_wconf 80' lang='lat'>183</span> 
     </span>
    </p>
   </div>
   <div class='ocr_carea' id='block_1_2' title="bbox 110 201 1131 3404">
    <p class='ocr_par' dir='ltr' id='par_1_2' title="bbox 110 201 1131 3404">
     <span class='ocr_line' id='line_1_2' title="bbox 136 201 967 279; baseline 0.006 -19"><span class='ocrx_word' id='word_1_5' title='bbox 136 201 246 262; x_wconf 89' lang='lat' dir='ltr'>Vincla</span> <span class='ocrx_word' id='word_1_6' title='bbox 265 202 348 264; x_wconf 91' lang='lat' dir='ltr'>iubet</span> <span class='ocrx_word' id='word_1_7' title='bbox 368 201 510 275; x_wconf 85' lang='lat' dir='ltr'>Priamus,</span> <span class='ocrx_word' id='word_1_8' title='bbox 530 202 676 279; x_wconf 88' lang='lat' dir='ltr'><strong>dictisque</strong></span> <span class='ocrx_word' id='word_1_9' title='bbox 696 202 738 262; x_wconf 90' lang='lat' dir='ltr'>ita</span> <span class='ocrx_word' id='word_1_10' title='bbox 756 206 833 263; x_wconf 86' lang='lat' dir='ltr'>satur</span> <span class='ocrx_word' id='word_1_11' title='bbox 852 203 967 266; x_wconf 87' lang='lat' dir='ltr'>amicis:</span> 
     </span>
     <span class='ocr_line' id='line_1_3' title="bbox 136 282 1013 359; baseline 0.005 -17"><span class='ocrx_word' id='word_1_12' title='bbox 136 282 300 359; x_wconf 87' lang='lat' dir='ltr'>‘Quisquis</span> <span class='ocrx_word' id='word_1_13' title='bbox 322 303 362 358; x_wconf 90' lang='lat' dir='ltr'>es,</span> <span class='ocrx_word' id='word_1_14' title='bbox 385 283 511 344; x_wconf 91' lang='lat' dir='ltr'>amissos</span> <span class='ocrx_word' id='word_1_15' title='bbox 530 283 600 342; x_wconf 89' lang='lat' dir='ltr'>hinc</span> <span class='ocrx_word' id='word_1_16' title='bbox 620 283 680 344; x_wconf 87' lang='lat' dir='ltr'>iam</span> <span class='ocrx_word' id='word_1_17' title='bbox 701 283 873 344; x_wconf 87' lang='lat' dir='ltr'>obliviscere</span> <span class='ocrx_word' id='word_1_18' title='bbox 894 284 1013 346; x_wconf 84' lang='lat' dir='ltr'>Graios:</span> 
     </span>
     <span class='ocr_line' id='line_1_4' title="bbox 137 363 985 440; baseline 0.001 -19"><span class='ocrx_word' id='word_1_19' title='bbox 137 364 269 422; x_wconf 87' lang='lat' dir='ltr'><strong>‘Noster</strong></span> <span class='ocrx_word' id='word_1_20' title='bbox 289 363 345 422; x_wconf 91' lang='lat' dir='ltr'>eris</span> <span class='ocrx_word' id='word_1_21' title='bbox 350 384 360 436; x_wconf 88' lang='lat'>;</span> <span class='ocrx_word' id='word_1_22' title='bbox 380 363 511 440; x_wconf 90' lang='lat' dir='ltr'>mihique</span> <span class='ocrx_word' id='word_1_23' title='bbox 531 364 606 422; x_wconf 90' lang='lat' dir='ltr'>haec</span> <span class='ocrx_word' id='word_1_24' title='bbox 627 363 755 423; x_wconf 88' lang='lat' dir='ltr'>edissere</span> <span class='ocrx_word' id='word_1_25' title='bbox 775 382 843 423; x_wconf 91' lang='lat' dir='ltr'>vera</span> <span class='ocrx_word' id='word_1_26' title='bbox 863 365 985 440; x_wconf 81' lang='lat' dir='ltr'>roganti.</span> 
     </span>
     <span class='ocr_line' id='line_1_5' title="bbox 136 442 1131 520; baseline -0.001 -19"><span class='ocrx_word' id='word_1_27' title='bbox 136 443 227 517; x_wconf 91' lang='lat' dir='ltr'>‘Quo</span> <span class='ocrx_word' id='word_1_28' title='bbox 242 443 352 503; x_wconf 90' lang='lat' dir='ltr'>molem</span> <span class='ocrx_word' id='word_1_29' title='bbox 366 445 444 502; x_wconf 89' lang='lat' dir='ltr'>hanc</span> <span class='ocrx_word' id='word_1_30' title='bbox 456 443 594 502; x_wconf 90' lang='lat' dir='ltr'>immanis</span> <span class='ocrx_word' id='word_1_31' title='bbox 609 442 678 518; x_wconf 91' lang='lat' dir='ltr'>equi</span> <span class='ocrx_word' id='word_1_32' title='bbox 691 446 835 503; x_wconf 87' lang='lat' dir='ltr'>statuere?</span> <span class='ocrx_word' id='word_1_33' title='bbox 855 444 920 520; x_wconf 91' lang='lat' dir='ltr'>quis</span> <span class='ocrx_word' id='word_1_34' title='bbox 934 444 1053 502; x_wconf 84' lang='lat' dir='ltr'>auctor?</span> <span class='ocrx_word' id='word_1_35' title='bbox 1076 461 1131 520; x_wconf 86' lang='lat'>¹50</span> 
     </span>
     <span class='ocr_line' id='line_1_6' title="bbox 136 521 1094 600; baseline 0.001 -19"><span class='ocrx_word' id='word_1_36' title='bbox 136 521 277 598; x_wconf 89' lang='lat' dir='ltr'>‘Quidve</span> <span class='ocrx_word' id='word_1_37' title='bbox 297 526 422 599; x_wconf 87' lang='lat' dir='ltr'>petunt?</span> <span class='ocrx_word' id='word_1_38' title='bbox 449 542 525 600; x_wconf 88' lang='lat' dir='ltr'>quae</span> <span class='ocrx_word' id='word_1_39' title='bbox 546 523 647 600; x_wconf 89' lang='lat' dir='ltr'>religio</span> <span class='ocrx_word' id='word_1_40' title='bbox 667 535 719 582; x_wconf 91' lang='lat' dir='ltr'>aut</span> <span class='ocrx_word' id='word_1_41' title='bbox 739 543 815 599; x_wconf 89' lang='lat' dir='ltr'>quae</span> <span class='ocrx_word' id='word_1_42' title='bbox 836 523 973 583; x_wconf 89' lang='lat' dir='ltr'>machina</span> <span class='ocrx_word' id='word_1_43' title='bbox 994 521 1094 584; x_wconf 73' lang='lat' dir='ltr'>bellit&#39;</span> 
     </span>
     <span class='ocr_line' id='line_1_7' title="bbox 135 602 930 681; baseline 0.004 -21"><span class='ocrx_word' id='word_1_44' title='bbox 135 602 271 661; x_wconf 84' lang='lat' dir='ltr'>Dixerat.</span> <span class='ocrx_word' id='word_1_45' title='bbox 315 604 370 662; x_wconf 91' lang='lat' dir='ltr'>Ille</span> <span class='ocrx_word' id='word_1_46' title='bbox 390 602 466 663; x_wconf 93' lang='lat' dir='ltr'>dolis</span> <span class='ocrx_word' id='word_1_47' title='bbox 488 603 646 662; x_wconf 89' lang='lat' dir='ltr'>instructus</span> <span class='ocrx_word' id='word_1_48' title='bbox 668 614 697 663; x_wconf 91' lang='lat' dir='ltr'>et</span> <span class='ocrx_word' id='word_1_49' title='bbox 717 615 779 663; x_wconf 89' lang='lat' dir='ltr'>arte</span> <span class='ocrx_word' id='word_1_50' title='bbox 800 605 930 681; x_wconf 82' lang='lat' dir='ltr'>Pelasga,</span> 
     </span>
     <span class='ocr_line' id='line_1_8' title="bbox 134 682 831 759; baseline 0.003 -18"><span class='ocrx_word' id='word_1_51' title='bbox 134 682 262 741; x_wconf 90' lang='lat' dir='ltr'>Sustulit</span> <span class='ocrx_word' id='word_1_52' title='bbox 282 693 382 742; x_wconf 87' lang='lat' dir='ltr'>exutas</span> <span class='ocrx_word' id='word_1_53' title='bbox 403 682 506 742; x_wconf 89' lang='lat' dir='ltr'>vinclis</span> <span class='ocrx_word' id='word_1_54' title='bbox 527 684 566 742; x_wconf 92' lang='lat' dir='ltr'>ad</span> <span class='ocrx_word' id='word_1_55' title='bbox 587 682 683 742; x_wconf 90' lang='lat' dir='ltr'>sidera</span> <span class='ocrx_word' id='word_1_56' title='bbox 703 685 831 759; x_wconf 84' lang='lat' dir='ltr'>palmas:</span> 
     </span>
     <span class='ocr_line' id='line_1_9' title="bbox 136 761 908 839; baseline 0.004 -20"><span class='ocrx_word' id='word_1_57' title='bbox 136 763 222 821; x_wconf 92' lang='lat' dir='ltr'>‘Vos</span> <span class='ocrx_word' id='word_1_58' title='bbox 241 761 352 822; x_wconf 90' lang='lat' dir='ltr'>aeterni</span> <span class='ocrx_word' id='word_1_59' title='bbox 372 761 464 839; x_wconf 91' lang='lat' dir='ltr'>ignes,</span> <span class='ocrx_word' id='word_1_60' title='bbox 487 774 516 822; x_wconf 90' lang='lat' dir='ltr'>et</span> <span class='ocrx_word' id='word_1_61' title='bbox 536 781 598 822; x_wconf 90' lang='lat' dir='ltr'>non</span> <span class='ocrx_word' id='word_1_62' title='bbox 619 762 758 823; x_wconf 80' lang='lat' dir='ltr'>violabile</span> <span class='ocrx_word' id='word_1_63' title='bbox 778 773 908 822; x_wconf 90' lang='lat' dir='ltr'>vestrum</span> 
     </span>
     <span class='ocr_line' id='line_1_10' title="bbox 137 842 973 919; baseline 0.002 -19"><span class='ocrx_word' id='word_1_64' title='bbox 137 844 264 901; x_wconf 90' lang='lat' dir='ltr'>‘Testor</span> <span class='ocrx_word' id='word_1_65' title='bbox 283 845 411 915; x_wconf 89' lang='lat' dir='ltr'>uumen,&#39;</span> <span class='ocrx_word' id='word_1_66' title='bbox 432 842 480 914; x_wconf 87' lang='lat' dir='ltr'>ait,</span> <span class='ocrx_word' id='word_1_67' title='bbox 503 847 572 903; x_wconf 91' lang='lat' dir='ltr'>‘vos</span> <span class='ocrx_word' id='word_1_68' title='bbox 593 861 660 904; x_wconf 88' lang='lat' dir='ltr'>arae</span> <span class='ocrx_word' id='word_1_69' title='bbox 680 862 825 919; x_wconf 87' lang='lat' dir='ltr'>ensesque</span> <span class='ocrx_word' id='word_1_70' title='bbox 845 843 973 916; x_wconf 85' lang='lat' dir='ltr'>nefandi,</span> 
     </span>
     <span class='ocr_line' id='line_1_11' title="bbox 137 922 944 999; baseline 0.006 -18"><span class='ocrx_word' id='word_1_71' title='bbox 137 923 243 998; x_wconf 91' lang='lat' dir='ltr'>‘Quos</span> <span class='ocrx_word' id='word_1_72' title='bbox 262 922 333 999; x_wconf 81' lang='lat' dir='ltr'>fugi,</span> <span class='ocrx_word' id='word_1_73' title='bbox 355 922 503 998; x_wconf 87' lang='lat' dir='ltr'>vittaeque</span> <span class='ocrx_word' id='word_1_74' title='bbox 523 924 622 996; x_wconf 91' lang='lat' dir='ltr'>deum,</span> <span class='ocrx_word' id='word_1_75' title='bbox 645 942 717 999; x_wconf 90' lang='lat' dir='ltr'>quas</span> <span class='ocrx_word' id='word_1_76' title='bbox 738 923 834 982; x_wconf 91' lang='lat' dir='ltr'>hostia</span> <span class='ocrx_word' id='word_1_77' title='bbox 853 923 944 999; x_wconf 87' lang='lat' dir='ltr'>gessi:</span> 
     </span>
     <span class='ocr_line' id='line_1_12' title="bbox 136 1002 871 1075; baseline 0.003 -15"><span class='ocrx_word' id='word_1_78' title='bbox 136 1003 215 1061; x_wconf 87' lang='lat' dir='ltr'>‘Fas</span> <span class='ocrx_word' id='word_1_79' title='bbox 236 1002 308 1061; x_wconf 91' lang='lat' dir='ltr'>mihi</span> <span class='ocrx_word' id='word_1_80' title='bbox 329 1002 483 1063; x_wconf 91' lang='lat' dir='ltr'>Graiorum</span> <span class='ocrx_word' id='word_1_81' title='bbox 503 1013 616 1062; x_wconf 90' lang='lat' dir='ltr'>sacrata</span> <span class='ocrx_word' id='word_1_82' title='bbox 635 1003 780 1062; x_wconf 90' lang='lat' dir='ltr'>resolvere</span> <span class='ocrx_word' id='word_1_83' title='bbox 800 1003 871 1075; x_wconf 92' lang='lat' dir='ltr'>iura,</span> 
     </span>
     <span class='ocr_line' id='line_1_13' title="bbox 137 1081 953 1159; baseline 0.002 -19"><span class='ocrx_word' id='word_1_84' title='bbox 137 1084 214 1142; x_wconf 88' lang='lat' dir='ltr'>‘Fas</span> <span class='ocrx_word' id='word_1_85' title='bbox 236 1081 334 1142; x_wconf 91' lang='lat' dir='ltr'>odisse</span> <span class='ocrx_word' id='word_1_86' title='bbox 354 1081 439 1150; x_wconf 87' lang='lat' dir='ltr'>viros,</span> <span class='ocrx_word' id='word_1_87' title='bbox 460 1092 549 1159; x_wconf 91' lang='lat' dir='ltr'>atque</span> <span class='ocrx_word' id='word_1_88' title='bbox 570 1083 671 1142; x_wconf 87' lang='lat' dir='ltr'>omnia</span> <span class='ocrx_word' id='word_1_89' title='bbox 690 1084 764 1142; x_wconf 82' lang='lat' dir='ltr'>serre</span> <span class='ocrx_word' id='word_1_90' title='bbox 785 1084 841 1142; x_wconf 92' lang='lat' dir='ltr'>sub</span> <span class='ocrx_word' id='word_1_91' title='bbox 861 1101 953 1156; x_wconf 89' lang='lat' dir='ltr'>auras,</span> 
     </span>
     <span class='ocr_line' id='line_1_14' title="bbox 137 1161 972 1240; baseline 0.001 -18"><span class='ocrx_word' id='word_1_92' title='bbox 137 1161 188 1222; x_wconf 92' lang='lat' dir='ltr'>‘Si</span> <span class='ocrx_word' id='word_1_93' title='bbox 212 1180 272 1237; x_wconf 90' lang='lat' dir='ltr'>qua</span> <span class='ocrx_word' id='word_1_94' title='bbox 291 1173 406 1240; x_wconf 88' lang='lat' dir='ltr'>tegunt:</span> <span class='ocrx_word' id='word_1_95' title='bbox 434 1174 537 1223; x_wconf 91' lang='lat' dir='ltr'>teneor</span> <span class='ocrx_word' id='word_1_96' title='bbox 557 1162 669 1239; x_wconf 88' lang='lat' dir='ltr'>patriae</span> <span class='ocrx_word' id='word_1_97' title='bbox 689 1182 746 1222; x_wconf 92' lang='lat' dir='ltr'>nec</span> <span class='ocrx_word' id='word_1_98' title='bbox 765 1162 877 1240; x_wconf 90' lang='lat' dir='ltr'>legibus</span> <span class='ocrx_word' id='word_1_99' title='bbox 897 1163 972 1223; x_wconf 87' lang='lat' dir='ltr'>ullis.</span> 
     </span>
     <span class='ocr_line' id='line_1_15' title="bbox 135 1242 952 1319; baseline 0.002 -19"><span class='ocrx_word' id='word_1_100' title='bbox 135 1243 206 1301; x_wconf 92' lang='lat' dir='ltr'>‘Tu</span> <span class='ocrx_word' id='word_1_101' title='bbox 227 1243 319 1302; x_wconf 91' lang='lat' dir='ltr'>modo</span> <span class='ocrx_word' id='word_1_102' title='bbox 340 1242 490 1319; x_wconf 90' lang='lat' dir='ltr'>promissis</span> <span class='ocrx_word' id='word_1_103' title='bbox 511 1262 640 1315; x_wconf 88' lang='lat' dir='ltr'>maneas,</span> <span class='ocrx_word' id='word_1_104' title='bbox 662 1253 835 1318; x_wconf 90' lang='lat' dir='ltr'>servataque</span> <span class='ocrx_word' id='word_1_105' title='bbox 855 1261 952 1302; x_wconf 87' lang='lat' dir='ltr'>serves</span> 
     </span>
     <span class='ocr_line' id='line_1_16' title="bbox 136 1321 985 1399; baseline 0.002 -19"><span class='ocrx_word' id='word_1_106' title='bbox 136 1321 247 1381; x_wconf 90' lang='lat' dir='ltr'>‘Troia</span> <span class='ocrx_word' id='word_1_107' title='bbox 266 1323 366 1393; x_wconf 89' lang='lat' dir='ltr'>fidem,</span> <span class='ocrx_word' id='word_1_108' title='bbox 388 1321 413 1382; x_wconf 92' lang='lat' dir='ltr'>si</span> <span class='ocrx_word' id='word_1_109' title='bbox 432 1341 501 1382; x_wconf 84' lang='lat' dir='ltr'>vera</span> <span class='ocrx_word' id='word_1_110' title='bbox 520 1324 621 1394; x_wconf 87' lang='lat' dir='ltr'>seram,</span> <span class='ocrx_word' id='word_1_111' title='bbox 643 1321 667 1381; x_wconf 92' lang='lat' dir='ltr'>si</span> <span class='ocrx_word' id='word_1_112' title='bbox 687 1342 796 1398; x_wconf 89' lang='lat' dir='ltr'>magna</span> <span class='ocrx_word' id='word_1_113' title='bbox 814 1323 985 1399; x_wconf 81' lang='lat' dir='ltr'>rependam.</span> 
     </span>
     <span class='ocr_line' id='line_1_17' title="bbox 179 1401 942 1480; baseline -0.004 -17"><span class='ocrx_word' id='word_1_114' title='bbox 179 1401 303 1463; x_wconf 91' lang='lat' dir='ltr'>‘Omnis</span> <span class='ocrx_word' id='word_1_115' title='bbox 324 1421 393 1479; x_wconf 89' lang='lat' dir='ltr'>spes</span> <span class='ocrx_word' id='word_1_116' title='bbox 413 1405 553 1462; x_wconf 90' lang='lat' dir='ltr'>Danaum</span> <span class='ocrx_word' id='word_1_117' title='bbox 574 1413 604 1462; x_wconf 90' lang='lat' dir='ltr'>et</span> <span class='ocrx_word' id='word_1_118' title='bbox 624 1402 724 1480; x_wconf 91' lang='lat' dir='ltr'>coepti</span> <span class='ocrx_word' id='word_1_119' title='bbox 745 1401 854 1462; x_wconf 89' lang='lat' dir='ltr'>fiducia</span> <span class='ocrx_word' id='word_1_120' title='bbox 874 1402 942 1462; x_wconf 90' lang='lat' dir='ltr'>belli</span> 
     </span>
     <span class='ocr_line' id='line_1_18' title="bbox 135 1481 958 1560; baseline 0.002 -20"><span class='ocrx_word' id='word_1_121' title='bbox 135 1483 286 1542; x_wconf 89' lang='lat' dir='ltr'>‘Palladis</span> <span class='ocrx_word' id='word_1_122' title='bbox 306 1481 418 1542; x_wconf 86' lang='lat' dir='ltr'>auxiliis</span> <span class='ocrx_word' id='word_1_123' title='bbox 439 1502 556 1560; x_wconf 91' lang='lat' dir='ltr'>semper</span> <span class='ocrx_word' id='word_1_124' title='bbox 575 1482 662 1542; x_wconf 77' lang='lat' dir='ltr'>stetit.</span> <span class='ocrx_word' id='word_1_125' title='bbox 706 1482 821 1560; x_wconf 93' lang='lat' dir='ltr'>Impius</span> <span class='ocrx_word' id='word_1_126' title='bbox 841 1502 878 1542; x_wconf 88' lang='lat' dir='ltr'>ex</span> <span class='ocrx_word' id='word_1_127' title='bbox 898 1501 958 1558; x_wconf 93' lang='lat' dir='ltr'>quo</span> 
     </span>
     <span class='ocr_line' id='line_1_19' title="bbox 135 1562 977 1638; baseline -0.001 -16"><span class='ocrx_word' id='word_1_128' title='bbox 135 1562 289 1638; x_wconf 90' lang='lat' dir='ltr'>‘Tydides</span> <span class='ocrx_word' id='word_1_129' title='bbox 309 1565 362 1623; x_wconf 91' lang='lat' dir='ltr'>sed</span> <span class='ocrx_word' id='word_1_130' title='bbox 382 1563 461 1622; x_wconf 91' lang='lat' dir='ltr'>enim</span> <span class='ocrx_word' id='word_1_131' title='bbox 483 1564 688 1638; x_wconf 91' lang='lat' dir='ltr'>scelerumque</span> <span class='ocrx_word' id='word_1_132' title='bbox 707 1562 845 1622; x_wconf 91' lang='lat' dir='ltr'>inventor</span> <span class='ocrx_word' id='word_1_133' title='bbox 865 1562 977 1635; x_wconf 88' lang='lat' dir='ltr'>Ulixes,</span> 
     </span>
     <span class='ocr_line' id='line_1_20' title="bbox 135 1643 820 1720; baseline 0 -19"><span class='ocrx_word' id='word_1_134' title='bbox 135 1644 259 1702; x_wconf 90' lang='lat' dir='ltr'>‘Fatale</span> <span class='ocrx_word' id='word_1_135' title='bbox 279 1643 408 1720; x_wconf 88' lang='lat' dir='ltr'>adgressi</span> <span class='ocrx_word' id='word_1_136' title='bbox 429 1654 542 1702; x_wconf 88' lang='lat' dir='ltr'>sacrato</span> <span class='ocrx_word' id='word_1_137' title='bbox 563 1644 687 1703; x_wconf 89' lang='lat' dir='ltr'>avellere</span> <span class='ocrx_word' id='word_1_138' title='bbox 707 1644 820 1719; x_wconf 90' lang='lat' dir='ltr'>templo</span> 
     </span>
     <span class='ocr_line' id='line_1_21' title="bbox 110 1721 891 1795; baseline 0 -15"><span class='ocrx_word' id='word_1_139' title='bbox 110 1751 121 1780; x_wconf 94' lang='lat'>.·</span> <span class='ocrx_word' id='word_1_140' title='bbox 136 1723 331 1795; x_wconf 75' lang='lat' dir='ltr'>‘Palladium</span> <span class='ocrx_word' id='word_1_141' title='bbox 353 1723 445 1782; x_wconf 91' lang='lat' dir='ltr'>caesis</span> <span class='ocrx_word' id='word_1_142' title='bbox 466 1742 598 1782; x_wconf 90' lang='lat' dir='ltr'>summae</span> <span class='ocrx_word' id='word_1_143' title='bbox 618 1723 788 1783; x_wconf 92' lang='lat' dir='ltr'>custodibus</span> <span class='ocrx_word' id='word_1_144' title='bbox 809 1721 891 1794; x_wconf 90' lang='lat' dir='ltr'>arcis,</span> 
     </span>
     <span class='ocr_line' id='line_1_22' title="bbox 136 1801 985 1880; baseline -0.001 -17"><span class='ocrx_word' id='word_1_145' title='bbox 136 1802 332 1878; x_wconf 90' lang='lat' dir='ltr'>‘Corripuere</span> <span class='ocrx_word' id='word_1_146' title='bbox 353 1822 466 1862; x_wconf 88' lang='lat' dir='ltr'>sacram</span> <span class='ocrx_word' id='word_1_147' title='bbox 486 1802 622 1880; x_wconf 88' lang='lat' dir='ltr'>effigiem,</span> <span class='ocrx_word' id='word_1_148' title='bbox 643 1803 838 1880; x_wconf 89' lang='lat' dir='ltr'>manibusque</span> <span class='ocrx_word' id='word_1_149' title='bbox 858 1801 985 1862; x_wconf 89' lang='lat' dir='ltr'>cruentis</span> 
     </span>
     <span class='ocr_line' id='line_1_23' title="bbox 136 1882 813 1959; baseline 0.003 -19"><span class='ocrx_word' id='word_1_150' title='bbox 136 1882 312 1959; x_wconf 90' lang='lat' dir='ltr'>‘Virgineas</span> <span class='ocrx_word' id='word_1_151' title='bbox 331 1883 395 1942; x_wconf 91' lang='lat' dir='ltr'>ausi</span> <span class='ocrx_word' id='word_1_152' title='bbox 415 1883 501 1943; x_wconf 86' lang='lat' dir='ltr'>divae</span> <span class='ocrx_word' id='word_1_153' title='bbox 521 1884 692 1959; x_wconf 90' lang='lat' dir='ltr'>contingere</span> <span class='ocrx_word' id='word_1_154' title='bbox 711 1883 798 1943; x_wconf 87' lang='lat' dir='ltr'>vittas</span> <span class='ocrx_word' id='word_1_155' title='bbox 804 1904 813 1956; x_wconf 83' lang='lat'>3</span> 
     </span>
     <span class='ocr_line' id='line_1_24' title="bbox 136 1962 813 2040; baseline 0 -18"><span class='ocrx_word' id='word_1_156' title='bbox 136 1965 203 2022; x_wconf 91' lang='lat' dir='ltr'>‘Ex</span> <span class='ocrx_word' id='word_1_157' title='bbox 222 1962 273 2022; x_wconf 92' lang='lat' dir='ltr'>illo</span> <span class='ocrx_word' id='word_1_158' title='bbox 294 1963 383 2023; x_wconf 87' lang='lat' dir='ltr'>fluere</span> <span class='ocrx_word' id='word_1_159' title='bbox 404 1982 439 2022; x_wconf 89' lang='lat' dir='ltr'>ac</span> <span class='ocrx_word' id='word_1_160' title='bbox 459 1975 536 2024; x_wconf 92' lang='lat' dir='ltr'>retro</span> <span class='ocrx_word' id='word_1_161' title='bbox 558 1964 694 2040; x_wconf 90' lang='lat' dir='ltr'>sublapsa</span> <span class='ocrx_word' id='word_1_162' title='bbox 714 1963 813 2022; x_wconf 85' lang='lat' dir='ltr'>referri</span> 
     </span>
     <span class='ocr_line' id='line_1_25' title="bbox 135 2043 962 2117; baseline 0 -15"><span class='ocrx_word' id='word_1_163' title='bbox 135 2044 230 2117; x_wconf 87' lang='lat' dir='ltr'>‘Spes</span> <span class='ocrx_word' id='word_1_164' title='bbox 251 2045 398 2114; x_wconf 87' lang='lat' dir='ltr'>Danaum,</span> <span class='ocrx_word' id='word_1_165' title='bbox 419 2044 527 2104; x_wconf 84' lang='lat' dir='ltr'>fractae</span> <span class='ocrx_word' id='word_1_166' title='bbox 547 2043 631 2116; x_wconf 91' lang='lat' dir='ltr'>vires,</span> <span class='ocrx_word' id='word_1_167' title='bbox 654 2062 755 2103; x_wconf 89' lang='lat' dir='ltr'>aversa</span> <span class='ocrx_word' id='word_1_168' title='bbox 775 2045 850 2104; x_wconf 87' lang='lat' dir='ltr'>deae</span> <span class='ocrx_word' id='word_1_169' title='bbox 870 2063 962 2104; x_wconf 88' lang='lat' dir='ltr'>mens.</span> 
     </span>
     <span class='ocr_line' id='line_1_26' title="bbox 137 2123 927 2199; baseline 0 -18"><span class='ocrx_word' id='word_1_170' title='bbox 137 2125 225 2182; x_wconf 88' lang='lat' dir='ltr'>‘Nec</span> <span class='ocrx_word' id='word_1_171' title='bbox 245 2123 342 2183; x_wconf 90' lang='lat' dir='ltr'>dubiis</span> <span class='ocrx_word' id='word_1_172' title='bbox 363 2143 399 2183; x_wconf 89' lang='lat' dir='ltr'>ea</span> <span class='ocrx_word' id='word_1_173' title='bbox 418 2123 502 2199; x_wconf 92' lang='lat' dir='ltr'>signa</span> <span class='ocrx_word' id='word_1_174' title='bbox 522 2123 605 2184; x_wconf 92' lang='lat' dir='ltr'>dedit</span> <span class='ocrx_word' id='word_1_175' title='bbox 624 2123 760 2183; x_wconf 89' lang='lat' dir='ltr'>Tritonia</span> <span class='ocrx_word' id='word_1_176' title='bbox 779 2123 927 2182; x_wconf 89' lang='lat' dir='ltr'>monstris.</span> 
     </span>
     <span class='ocr_line' id='line_1_27' title="bbox 137 2202 987 2279; baseline 0.005 -19"><span class='ocrx_word' id='word_1_177' title='bbox 137 2202 216 2261; x_wconf 87' lang='lat' dir='ltr'>‘Vix</span> <span class='ocrx_word' id='word_1_178' title='bbox 236 2202 366 2279; x_wconf 92' lang='lat' dir='ltr'>positum</span> <span class='ocrx_word' id='word_1_179' title='bbox 386 2205 487 2263; x_wconf 90' lang='lat' dir='ltr'>castris</span> <span class='ocrx_word' id='word_1_180' title='bbox 508 2203 713 2262; x_wconf 84' lang='lat' dir='ltr'>simulacrum:</span> <span class='ocrx_word' id='word_1_181' title='bbox 732 2222 828 2264; x_wconf 89' lang='lat' dir='ltr'>arsere</span> <span class='ocrx_word' id='word_1_182' title='bbox 847 2222 987 2264; x_wconf 87' lang='lat' dir='ltr'>coruscae</span> 
     </span>
     <span class='ocr_line' id='line_1_28' title="bbox 136 2281 978 2360; baseline 0.004 -20"><span class='ocrx_word' id='word_1_183' title='bbox 136 2281 332 2342; x_wconf 89' lang='lat' dir='ltr'>‘Luminibus</span> <span class='ocrx_word' id='word_1_184' title='bbox 352 2283 488 2344; x_wconf 88' lang='lat' dir='ltr'>flammae</span> <span class='ocrx_word' id='word_1_185' title='bbox 508 2283 634 2355; x_wconf 88' lang='lat' dir='ltr'>arrectis,</span> <span class='ocrx_word' id='word_1_186' title='bbox 657 2285 809 2360; x_wconf 86' lang='lat' dir='ltr'>salsusque</span> <span class='ocrx_word' id='word_1_187' title='bbox 828 2302 880 2360; x_wconf 89' lang='lat' dir='ltr'>per</span> <span class='ocrx_word' id='word_1_188' title='bbox 900 2294 978 2343; x_wconf 83' lang='lat' dir='ltr'>artus</span> 
     </span>
     <span class='ocr_line' id='line_1_29' title="bbox 137 2362 899 2441; baseline 0.001 -19"><span class='ocrx_word' id='word_1_189' title='bbox 137 2363 254 2422; x_wconf 91' lang='lat' dir='ltr'>‘Sudor</span> <span class='ocrx_word' id='word_1_190' title='bbox 273 2362 313 2434; x_wconf 87' lang='lat' dir='ltr'>iit,</span> <span class='ocrx_word' id='word_1_191' title='bbox 334 2373 437 2439; x_wconf 91' lang='lat' dir='ltr'>terque</span> <span class='ocrx_word' id='word_1_192' title='bbox 458 2363 523 2440; x_wconf 90' lang='lat' dir='ltr'>ipsa</span> <span class='ocrx_word' id='word_1_193' title='bbox 543 2365 607 2424; x_wconf 94' lang='lat' dir='ltr'>solo</span> <span class='ocrx_word' id='word_1_194' title='bbox 628 2363 775 2440; x_wconf 87' lang='lat' dir='ltr'>(mirabile</span> <span class='ocrx_word' id='word_1_195' title='bbox 796 2363 899 2441; x_wconf 81' lang='lat' dir='ltr'>dictu),</span> 
     </span>
     <span class='ocr_line' id='line_1_30' title="bbox 138 2441 1022 2520; baseline 0.001 -20"><span class='ocrx_word' id='word_1_196' title='bbox 138 2441 295 2513; x_wconf 73' lang='lat' dir='ltr'>‘Emicuit</span> <span class='ocrx_word' id='word_1_197' title='bbox 316 2462 508 2519; x_wconf 88' lang='lat' dir='ltr'>parmamque</span> <span class='ocrx_word' id='word_1_198' title='bbox 529 2444 624 2504; x_wconf 84' lang='lat' dir='ltr'>serens</span> <span class='ocrx_word' id='word_1_199' title='bbox 645 2446 820 2520; x_wconf 90' lang='lat' dir='ltr'>hastamque</span> <span class='ocrx_word' id='word_1_200' title='bbox 840 2454 1022 2504; x_wconf 90' lang='lat' dir='ltr'>trementem.</span> 
     </span>
     <span class='ocr_line' id='line_1_31' title="bbox 138 2522 1014 2601; baseline 0.001 -21"><span class='ocrx_word' id='word_1_201' title='bbox 138 2524 318 2599; x_wconf 85' lang='lat' dir='ltr'>‘Extemplo</span> <span class='ocrx_word' id='word_1_202' title='bbox 338 2525 512 2598; x_wconf 89' lang='lat' dir='ltr'>temptanda</span> <span class='ocrx_word' id='word_1_203' title='bbox 532 2524 602 2599; x_wconf 83' lang='lat' dir='ltr'>suga</span> <span class='ocrx_word' id='word_1_204' title='bbox 622 2522 701 2582; x_wconf 89' lang='lat' dir='ltr'>canit</span> <span class='ocrx_word' id='word_1_205' title='bbox 722 2543 851 2601; x_wconf 88' lang='lat' dir='ltr'>aequora</span> <span class='ocrx_word' id='word_1_206' title='bbox 872 2525 1014 2597; x_wconf 71' lang='lat' dir='ltr'>Calchas,</span> 
     </span>
     <span class='ocr_line' id='line_1_32' title="bbox 136 2602 906 2680; baseline 0.001 -20"><span class='ocrx_word' id='word_1_207' title='bbox 136 2603 223 2662; x_wconf 91' lang='lat' dir='ltr'>‘Nec</span> <span class='ocrx_word' id='word_1_208' title='bbox 243 2621 331 2678; x_wconf 92' lang='lat' dir='ltr'>posse</span> <span class='ocrx_word' id='word_1_209' title='bbox 351 2602 496 2678; x_wconf 87' lang='lat' dir='ltr'>Argolicis</span> <span class='ocrx_word' id='word_1_210' title='bbox 517 2603 650 2663; x_wconf 88' lang='lat' dir='ltr'>exscindi</span> <span class='ocrx_word' id='word_1_211' title='bbox 670 2607 812 2680; x_wconf 89' lang='lat' dir='ltr'>Pergama</span> <span class='ocrx_word' id='word_1_212' title='bbox 832 2603 906 2676; x_wconf 91' lang='lat' dir='ltr'>telis,</span> 
     </span>
     <span class='ocr_line' id='line_1_33' title="bbox 137 2680 953 2773; baseline -0.002 -31"><span class='ocrx_word' id='word_1_213' title='bbox 137 2680 268 2742; x_wconf 89' lang='lat' dir='ltr'>‘Omina</span> <span class='ocrx_word' id='word_1_214' title='bbox 288 2682 320 2742; x_wconf 92' lang='lat' dir='ltr'>ni</span> <span class='ocrx_word' id='word_1_215' title='bbox 339 2693 473 2758; x_wconf 89' lang='lat' dir='ltr'>repetant</span> <span class='ocrx_word' id='word_1_216' title='bbox 493 2683 587 2760; x_wconf 89' lang='lat' dir='ltr'>Argis,</span> <span class='ocrx_word' id='word_1_217' title='bbox 608 2702 781 2758; x_wconf 88' lang='lat' dir='ltr'>numenque</span> <span class='ocrx_word' id='word_1_218' title='bbox 800 2685 953 2773; x_wconf 80' lang='lat' dir='ltr'>reducant,</span> 
     </span>
     <span class='ocr_line' id='line_1_34' title="bbox 138 2761 951 2838; baseline -0.001 -18"><span class='ocrx_word' id='word_1_219' title='bbox 138 2762 252 2836; x_wconf 88' lang='lat' dir='ltr'>‘Quod</span> <span class='ocrx_word' id='word_1_220' title='bbox 272 2763 378 2838; x_wconf 86' lang='lat' dir='ltr'>pelago</span> <span class='ocrx_word' id='word_1_221' title='bbox 398 2773 429 2822; x_wconf 91' lang='lat' dir='ltr'>et</span> <span class='ocrx_word' id='word_1_222' title='bbox 449 2762 545 2822; x_wconf 89' lang='lat' dir='ltr'>curvis</span> <span class='ocrx_word' id='word_1_223' title='bbox 567 2781 668 2823; x_wconf 91' lang='lat' dir='ltr'>secum</span> <span class='ocrx_word' id='word_1_224' title='bbox 689 2781 812 2822; x_wconf 88' lang='lat' dir='ltr'>avexere</span> <span class='ocrx_word' id='word_1_225' title='bbox 834 2761 951 2822; x_wconf 89' lang='lat' dir='ltr'>carinis.</span> 
     </span>
     <span class='ocr_line' id='line_1_35' title="bbox 137 2841 956 2919; baseline 0 -20"><span class='ocrx_word' id='word_1_226' title='bbox 137 2843 198 2899; x_wconf 90' lang='lat' dir='ltr'>‘Et</span> <span class='ocrx_word' id='word_1_227' title='bbox 217 2860 307 2914; x_wconf 88' lang='lat' dir='ltr'>nunc,</span> <span class='ocrx_word' id='word_1_228' title='bbox 329 2841 410 2918; x_wconf 93' lang='lat' dir='ltr'>quod</span> <span class='ocrx_word' id='word_1_229' title='bbox 431 2842 539 2918; x_wconf 88' lang='lat' dir='ltr'>patrias</span> <span class='ocrx_word' id='word_1_230' title='bbox 560 2852 650 2902; x_wconf 89' lang='lat' dir='ltr'>vento</span> <span class='ocrx_word' id='word_1_231' title='bbox 670 2843 782 2919; x_wconf 87' lang='lat' dir='ltr'>petiere</span> <span class='ocrx_word' id='word_1_232' title='bbox 804 2844 956 2917; x_wconf 88' lang='lat' dir='ltr'>Mycenas,</span> 
     </span>
     <span class='ocr_line' id='line_1_36' title="bbox 138 2921 1025 2998; baseline 0.001 -20"><span class='ocrx_word' id='word_1_233' title='bbox 138 2922 249 2979; x_wconf 88' lang='lat' dir='ltr'>‘Arma</span> <span class='ocrx_word' id='word_1_234' title='bbox 268 2923 401 2998; x_wconf 90' lang='lat' dir='ltr'>deosque</span> <span class='ocrx_word' id='word_1_235' title='bbox 421 2931 527 2998; x_wconf 88' lang='lat' dir='ltr'>parant</span> <span class='ocrx_word' id='word_1_236' title='bbox 548 2921 680 2994; x_wconf 91' lang='lat' dir='ltr'>comites,</span> <span class='ocrx_word' id='word_1_237' title='bbox 702 2922 867 2997; x_wconf 91' lang='lat' dir='ltr'>pelagoque</span> <span class='ocrx_word' id='word_1_238' title='bbox 888 2939 1025 2980; x_wconf 90' lang='lat' dir='ltr'>remenso</span> 
     </span>
     <span class='ocr_line' id='line_1_37' title="bbox 138 3000 950 3077; baseline 0.002 -19"><span class='ocrx_word' id='word_1_239' title='bbox 138 3000 315 3077; x_wconf 89' lang='lat' dir='ltr'>‘Improvisi</span> <span class='ocrx_word' id='word_1_240' title='bbox 336 3003 469 3060; x_wconf 89' lang='lat' dir='ltr'>aderunt.</span> <span class='ocrx_word' id='word_1_241' title='bbox 499 3002 548 3060; x_wconf 87' lang='lat' dir='ltr'>Ita</span> <span class='ocrx_word' id='word_1_242' title='bbox 568 3000 673 3077; x_wconf 90' lang='lat' dir='ltr'>digerit</span> <span class='ocrx_word' id='word_1_243' title='bbox 694 3001 795 3060; x_wconf 89' lang='lat' dir='ltr'>omina</span> <span class='ocrx_word' id='word_1_244' title='bbox 816 3002 950 3062; x_wconf 86' lang='lat' dir='ltr'>Calchas</span> 
     </span>
     <span class='ocr_line' id='line_1_38' title="bbox 139 3079 930 3157; baseline 0.003 -20"><span class='ocrx_word' id='word_1_245' title='bbox 139 3081 249 3139; x_wconf 89' lang='lat' dir='ltr'>‘Hanc</span> <span class='ocrx_word' id='word_1_246' title='bbox 267 3100 322 3157; x_wconf 93' lang='lat' dir='ltr'>pro</span> <span class='ocrx_word' id='word_1_247' title='bbox 344 3080 476 3140; x_wconf 91' lang='lat' dir='ltr'>Palladio</span> <span class='ocrx_word' id='word_1_248' title='bbox 496 3081 611 3153; x_wconf 91' lang='lat' dir='ltr'>moniti,</span> <span class='ocrx_word' id='word_1_249' title='bbox 632 3098 687 3157; x_wconf 92' lang='lat' dir='ltr'>pro</span> <span class='ocrx_word' id='word_1_250' title='bbox 707 3079 828 3140; x_wconf 91' lang='lat' dir='ltr'>numine</span> <span class='ocrx_word' id='word_1_251' title='bbox 848 3082 930 3140; x_wconf 88' lang='lat' dir='ltr'>laeso</span> 
     </span>
     <span class='ocr_line' id='line_1_39' title="bbox 139 3159 876 3236; baseline -0.001 -18"><span class='ocrx_word' id='word_1_252' title='bbox 139 3159 292 3236; x_wconf 85' lang='lat' dir='ltr'>‘Effigiem</span> <span class='ocrx_word' id='word_1_253' title='bbox 314 3170 449 3233; x_wconf 86' lang='lat' dir='ltr'>statuere,</span> <span class='ocrx_word' id='word_1_254' title='bbox 471 3161 554 3219; x_wconf 84' lang='lat' dir='ltr'>nefas</span> <span class='ocrx_word' id='word_1_255' title='bbox 575 3179 652 3236; x_wconf 90' lang='lat' dir='ltr'>quae</span> <span class='ocrx_word' id='word_1_256' title='bbox 672 3159 753 3220; x_wconf 90' lang='lat' dir='ltr'>triste</span> <span class='ocrx_word' id='word_1_257' title='bbox 773 3160 876 3236; x_wconf 88' lang='lat' dir='ltr'>piaret.</span> 
     </span>
     <span class='ocr_line' id='line_1_40' title="bbox 139 3239 984 3300; baseline -0.001 -3"><span class='ocrx_word' id='word_1_258' title='bbox 139 3241 248 3298; x_wconf 91' lang='lat' dir='ltr'>‘Hanc</span> <span class='ocrx_word' id='word_1_259' title='bbox 267 3251 368 3299; x_wconf 88' lang='lat' dir='ltr'>tamen</span> <span class='ocrx_word' id='word_1_260' title='bbox 387 3239 553 3298; x_wconf 89' lang='lat' dir='ltr'>inmensam</span> <span class='ocrx_word' id='word_1_261' title='bbox 575 3240 702 3299; x_wconf 88' lang='lat' dir='ltr'>Calchas</span> <span class='ocrx_word' id='word_1_262' title='bbox 721 3242 854 3300; x_wconf 88' lang='lat' dir='ltr'>attollere</span> <span class='ocrx_word' id='word_1_263' title='bbox 874 3241 984 3298; x_wconf 91' lang='lat' dir='ltr'>molem</span> 
     </span>
     <span class='ocr_line' id='line_1_41' title="bbox 138 3311 860 3404; baseline 0 -28"><span class='ocrx_word' id='word_1_264' title='bbox 138 3318 325 3390; x_wconf 81' lang='lat' dir='ltr'>‘Roboribus</span> <span class='ocrx_word' id='word_1_265' title='bbox 345 3317 440 3390; x_wconf 86' lang='lat' dir='ltr'>textis,</span> <span class='ocrx_word' id='word_1_266' title='bbox 460 3311 603 3404; x_wconf 86' lang='lat' dir='ltr'>caeloque</span> <span class='ocrx_word' id='word_1_267' title='bbox 623 3319 749 3376; x_wconf 88' lang='lat' dir='ltr'>educere</span> <span class='ocrx_word' id='word_1_268' title='bbox 767 3318 860 3399; x_wconf 77' lang='lat' dir='ltr'>iussit,</span> 
     </span>
    </p>
   </div>
   <div class='ocr_carea' id='block_1_3' title="bbox 0 0 1236 3686">
    <p class='ocr_par' dir='ltr' id='par_1_3' title="bbox 0 0 1236 3686">
     <span class='ocr_line' id='line_1_42' title="bbox 0 0 1236 3686; baseline 0 0"><span class='ocrx_word' id='word_1_269' title='bbox 0 0 1236 3686; x_wconf 95' lang='lat' dir='ltr'> </span> 
     </span>
    </p>
   </div>
  </div>
 </body>
</html>
