2494 3702
375 114 615 174 AENEIDOS
638 115 724 174 LIB.
754 117 779 173 t

59 244 210 304 ‘Aeolus
233 253 264 304 et
285 244 387 302 clauso
409 251 565 302 ventorum
587 261 704 302 carcere
726 245 846 320 regnet'

116 325 167 384 Sic
189 323 240 396 ait,
263 334 295 384 et
317 324 398 383 dicto
420 322 507 382 citius
529 321 643 404 tumida
666 341 795 398 aequora
816 325 924 399 placat,

63 405 291 482 Collectasque
312 406 394 481 fugat
417 403 512 462 nubes
537 405 688 479 solemque
712 403 862 465 reducit>

61 487 248 564 Cymothoe
269 483 357 544 simul
380 493 410 543 et
433 483 540 542 Triton
558 483 683 542 adnixus
705 494 833 622 acutps

64 565 251 624 Detrudunt
273 583 362 624 naves
387 565 529 640 seopulo;
552 565 630 622 levat
651 562 714 640 ipse
737 565 772 622 tri
795 563 856 624 enti
1018 583 1073 642 145

64 647 115 704 Et
137 656 238 704 vastas
262 644 354 721 aperit
378 656 470 720 syrtes
493 655 523 703 et
546 654 691 720 temperat
714 663 833 720 aequor,

63 729 179 802 Atque
201 723 272 785 rotis
295 744 424 784 summas
446 723 558 784 levibus
582 724 742 800 perlabitur
762 725 864 784 undas.

66 809 122 865 Ac
148 805 240 864 veluti
264 824 372 882 magno
393 804 425 863 in
445 806 557 881 populo
579 824 648 863 cum
673 823 763 881 saepe
785 816 886 865 coorta
913 815 957 866 est

66 884 203 958 Seditio‚
226 885 378 961 saevitque
400 885 506 944 animis
524 884 655 961 ignobile
679 887 790 961 volgus,

69 970 208 1040 Iamque
231 967 311 1026 faces
333 975 363 1025 et
385 985 455 1025 saxa
478 967 588 1038 volant,
611 967 690 1025 furor
711 985 793 1024 arma
813 964 975 1026 ministrat:
1019 984 1076 1041 150

67 1049 160 1106 Tum
185 1046 296 1122 pietate
317 1065 435 1122 gravem
460 1064 495 1105 ac
520 1045 629 1104 meritis
653 1044 678 1104 si
699 1048 774 1105 forte
797 1045 891 1107 virum
915 1065 1004 1122 quem

69 1128 284 1203 Conspexere,
305 1127 392 1186 silent
413 1126 591 1202 arrectisque
613 1126 731 1185 auribus
751 1137 847 1184 astant
858 1146 867 1198 ;

71 1209 137 1266 Ille
159 1204 235 1282 regit
259 1206 345 1267 dictis
367 1205 492 1278 animos,
516 1217 546 1265 et
569 1217 691 1282 pectora
715 1207 842 1265 mulcet:

71 1287 129 1346 Sic
151 1298 278 1346 cunctus
299 1286 396 1363 pelagi
420 1285 527 1346 cecidit
550 1289 654 1362 fragor,
678 1301 808 1362 aequora
830 1296 989 1363 postquam

74 1365 270 1443 Prospiciens
292 1367 407 1443 genitor
429 1368 571 1442 caeloque
595 1368 728 1426 invectus
752 1377 856 1442 aperto
1020 1384 1075 1444 155

75 1446 191 1506 Flectit
214 1466 308 1523 equos
332 1465 475 1523 curruque
496 1448 601 1506 volans
626 1448 677 1506 dat
698 1447 926 1518 lora-secundo,

121 1526 241 1586 Defessi
265 1528 426 1587 Aeneadae
449 1546 526 1604 quae
547 1527 680 1604 proxima
704 1527 790 1586 litora
811 1547 898 1587 cursu

76 1607 281 1668 Contendunt
305 1618 414 1684 petere,
440 1619 469 1667 et
494 1607 604 1684 Libyae
626 1618 776 1667 vertuntur
799 1609 839 1666 ad
864 1627 937 1668 oras

77 1689 137 1746 Est
160 1687 191 1745 in
213 1707 330 1747 secessu
355 1689 445 1763 longo
469 1688 571 1747 locus:
599 1686 695 1746 insula
718 1699 837 1764 portum

78 1765 182 1827 Efficit
206 1767 324 1828 obiectu
350 1769 484 1841 laterum,
510 1767 617 1843 quibus
640 1768 737 1827 omnis
759 1769 798 1826 ab
820 1769 882 1827 alto
1023 1771 1078 1826 160

78 1846 239 1924 Frangitur
263 1848 352 1923 inque
376 1847 457 1907 sinus
479 1847 588 1908 scindit
611 1867 676 1908 sese
700 1849 782 1908 unda
804 1850 950 1908 reductos.

78 1926 169 1987 Hinc
190 1938 279 2004 atque
301 1927 371 1987 hinc
394 1939 494 1988 vastae
518 1947 606 2005 mpes
630 1928 800 2005 geminique
822 1928 972 1987 minantur

79 2011 122 2068 In
147 2009 263 2067 caelum
286 2007 410 2084 scopuli,
434 2027 560 2085 quorum
581 2009 636 2068 sub
656 2008 765 2068 vertice
785 2010 844 2068 late

79 2092 224 2163 Aequora
246 2098 310 2147 tuta
331 2088 434 2148 silent:
463 2099 526 2148 tum
551 2087 630 2148 silvis
653 2108 760 2148 scaena
781 2086 912 2146 comscis

79 2170 221 2245 Desuper
244 2167 431 2246 horrentique
450 2179 546 2228 atrum
569 2188 675 2248 nemus
697 2168 832 2227 imminet
855 2170 977 2241 umbra;
1024 2171 1077 2245 165

81 2246 197 2308 Fronte
221 2249 276 2308 sub
300 2249 423 2308 adversa
446 2249 581 2325 scopulis
600 2248 800 2325 pendentibus
823 2259 948 2322 antrum,

82 2331 172 2388 Intus
194 2347 288 2405 aquae
310 2329 411 2389 dulces
435 2329 562 2405 vivoque
586 2329 690 2388 sedilia
710 2349 792 2402 sax0,

82 2409 291 2485 Nymphamnr
313 2410 429 2469 domus.
473 2410 535 2478 Hic
558 2411 648 2469 fessas
670 2428 732 2468 non
757 2411 874 2470 vincula
897 2429 988 2470 naves

83 2490 159 2550 Ulla
179 2498 290 2562 tenent,
317 2508 395 2549 unco
417 2507 479 2549 non
500 2490 599 2567 alligat
618 2509 728 2549 ancora
748 2510 856 2550 morsu.

84 2571 159 2629 Huc
179 2580 294 2646 septem
314 2572 432 2629 Aeneas
453 2571 584 2630 collectis
605 2570 729 2630 navibus
751 2571 834 2630 omni
985 2629 988 2634 ,
1024 2587 1080 2644 170

85 2651 133 2707 Ex
153 2668 277 2709 numero
298 2649 393 2722 subit;
423 2669 459 2708 ac
479 2669 587 2726 magno
609 2650 718 2710 telluris
738 2670 840 2712 amore

85 2728 205 2805 Egressi
225 2739 328 2806 optata
348 2728 501 2806 potiuntur
521 2733 615 2790 Troes
635 2732 746 2790 harena

86 2811 127 2868 Et
150 2810 213 2868 sale
234 2810 370 2869 tabentes
391 2821 471 2869 artus
491 2809 523 2868 in
542 2809 627 2870 litore
647 2821 772 2886 ponunt.
919 2877 921 2892 ι

87 2891 134 2947 Ac
154 2887 283 2965 primum
304 2889 377 2949 silici
398 2889 554 2950 semtillam
575 2890 694 2950 excudit
715 2891 846 2950 Achates

87 2968 285 3045 Succepitqne
305 2968 404 3045 ignem
424 2970 502 3030 foliis
523 2981 613 3047 atque
634 2970 716 3029 arida
736 2968 847 3029 circum
1023 2987 1078 3048 175

90 3047 278 3108 Nutrimenta
298 3049 381 3110 dedit
401 3050 558 3127 rapuitque
579 3049 610 3109 in
631 3051 734 3110 fomite
753 3051 912 3112 flammam.

88 3130 167 3188 Turn
192 3130 330 3189 Cererem
354 3142 520 3207 corruptam
543 3130 631 3190 undis
654 3130 846 3208 Cerealiaque
866 3151 948 3192 arma

91 3207 259 3285 Expediunt
281 3208 351 3268 fessi
371 3229 478 3282 rerum,
500 3212 657 3287 frugesque
680 3224 813 3288 receptas

91 3291 129 3349 Et
153 3295 262 3349 torrere
284 3299 389 3365 parant
410 3289 536 3348 flammis
558 3299 588 3349 et
608 3292 741 3366 frangere
763 3310 842 3351 saxo.

132 3371 249 3429 Aeneas
271 3370 425 3446 scopulum
446 3368 558 3429 interea
579 3370 753 3429 conscendit
773 3379 804 3428 et
824 3387 944 3429 omnem
1028 3371 1084 3426 180

895 3491 991 3534 11-2
