2460 3686
432 113 672 175 AENEIDOS
695 115 781 173 LIB.
809 115 836 174 I.

134 242 297 304 ‘Permittit
316 241 430 319 patria?
449 241 580 319 hospitio
600 243 793 319 prohibemur
811 241 953 317 harenae3

133 325 233 384 ‘Bella
252 323 342 394 cient,
364 322 518 398 primaque
539 333 638 382 vetant
658 323 819 382 consistere
839 332 924 381 terra

134 404 180 464 ‘Si
199 422 293 480 genus
313 405 478 462 humanum
498 413 528 462 et
548 401 683 461 mortalia
703 401 834 462 temnitis
855 420 945 471 arma,

133 488 190 543 ‘At
211 493 328 561 sperate
349 485 422 543 deos
442 502 590 542 memores
610 482 693 543 sandi
713 493 803 558 atque
824 480 954 542 nefandi

133 567 218 623 ‘Rex
239 574 299 622 erat
321 566 438 623 Aeneas
459 562 554 634 uobis,
576 581 637 639 quo
657 562 760 621 iustior
779 563 853 621 alter

133 646 217 703 ‘Nec
238 643 347 718 pietate
368 643 422 702 suit
443 662 500 703 uec
519 643 599 702 bello
620 642 714 702 maior
734 653 764 701 et
783 641 885 702 armis:
1073 657 1128 718 545

133 725 249 798 ‘Quem
272 723 296 781 si
317 725 375 781 fata
396 722 490 782 virum
512 733 636 794 servant,
658 723 683 782 si
703 721 830 784 vescitur
849 741 920 782 aura

133 802 291 862 ‘Aetheria
312 822 408 879 neque
429 805 527 862 adhuc
547 802 716 862 crudelibus
735 804 864 862 occubat
885 801 1006 868 umbris,

132 885 222 942 ‘Non
242 894 353 942 metus:
382 883 480 942 officio
500 903 557 942 nec
577 894 607 943 te
628 893 756 942 certasse
776 883 904 957 priorem

133 961 315 1023 ‘Paeniteat:
332 973 412 1022 'sunt
433 974 462 1022 et
483 962 588 1022 Siculis
608 963 779 1040 regionibus
801 963 888 1022 urbes

131 1047 310 1118 ‘Armaque
332 1042 525 1118 Troianoque
545 1063 563 1102 a
583 1042 726 1120 sauguine
747 1044 842 1101 clarus
863 1045 995 1102 Acestes.
1072 1057 1129 1118 550

132 1125 329 1199 ‘Quassatam
349 1123 444 1182 ventis
464 1124 552 1182 liceat
572 1124 738 1183 subducere
759 1123 883 1181 classem

133 1206 190 1263 ‘Et
211 1203 290 1262 silvis
310 1213 411 1278 aptare
432 1207 529 1263 trabes
551 1214 580 1262 et
602 1204 741 1280 stringere
762 1222 868 1276 remos

132 1282 179 1344 ‘Si
201 1285 288 1342 datur
309 1283 427 1342 Italiam
447 1283 535 1360 sociis
557 1294 587 1342 et
608 1303 676 1359 rege
696 1294 817 1359 recepto

133 1365 298 1434 ‘Tendere
320 1374 353 1421 ut
375 1362 491 1422 Italiam
512 1363 582 1422 laeti
603 1363 782 1440 Latiumque
802 1373 936 1440 petamus
942 1383 952 1436 ς

133 1443 202 1504 ‘Sin
222 1446 381 1520 absumpta
401 1444 487 1517 salus,
510 1454 540 1503 et
561 1456 598 1515 te,
620 1454 705 1518 pater
724 1443 836 1520 optime
857 1446 1015 1518 Teucrum,
1072 1459 1127 1522 555

136 1527 265 1584 ‘Pontus
286 1524 378 1583 habet
398 1523 509 1600 Libyae
530 1543 587 1583 nec
608 1543 676 1598 spes
698 1523 756 1581 iam
777 1533 868 1583 restat
889 1524 955 1597 Iuli,

135 1607 192 1663 ‘At
211 1605 286 1664 freta
306 1603 438 1664 Sicaniae
459 1605 563 1663 saltem
584 1605 731 1680 sedesque
751 1614 875 1680 paratas,

134 1685 242 1746 ‘Unde
262 1685 321 1743 huc
341 1683 465 1755 advecti,
487 1702 647 1760 regemque
666 1695 802 1760 petamus
823 1686 975 1744 Acesten!

132 1764 258 1825 Talibus
280 1763 411 1824 Ilioneus
417 1783 427 1837 ;
447 1763 546 1824 cuncti
567 1763 652 1823 simul
673 1783 725 1824 ore
744 1766 909 1825 fremebant

133 1844 336 1905 Dardanidae.
1071 1846 1129 1921 560
1182 1893 1185 1902 .

175 1927 255 1983 Tum
275 1925 400 1985 breviter
421 1923 503 1984 Dido
523 1926 639 1984 voltum
662 1923 791 1984 demissa
810 1926 957 2001 prolatura

133 2005 262 2066 ‘Solvite
281 2005 372 2064 corde
392 2016 512 2080 metum,
537 2005 653 2078 Teucri,
675 2004 818 2065 secludite
839 2024 931 2064 curas.

135 2088 214 2144 ‘Res
234 2084 307 2144 dura
328 2095 359 2144 et
378 2085 460 2161 regni
481 2085 595 2144 novitas
616 2105 665 2145 me
686 2085 757 2144 talia
777 2093 889 2161 cogunt

134 2163 252 2224 ‘Moliri
273 2174 304 2224 et
324 2165 383 2224 late
405 2167 480 2225 fines
501 2167 624 2225 custode
645 2164 730 2226 tueri.

134 2245 227 2321 ‘Quis
249 2263 343 2322 genus
363 2246 548 2318 Aeneadum,
572 2245 638 2322 quis
660 2245 768 2304 Troiae
790 2243 903 2305 nesciat
924 2245 1025 2305 urbem
1071 2249 1127 2322 565

135 2325 341 2401 ‘Virtutesque
360 2324 497 2401 virosque
518 2335 568 2384 aut
589 2324 663 2386 tanti
684 2324 822 2386 incendia
843 2326 931 2387 belli?

135 2407 223 2465 ‘Non
243 2406 349 2464 obtusa
368 2405 445 2466 adeo
465 2416 614 2480 gestamus
634 2417 755 2483 pectora
776 2405 878 2480 Poeni,

136 2487 218 2545 ‘Nec
238 2496 298 2544 tam
318 2504 436 2544 aversus
456 2504 549 2562 equos
570 2486 659 2563 Tyria
679 2488 730 2548 Sol
750 2487 844 2564 iungit
863 2489 902 2547 ab
924 2488 1003 2547 urbe

136 2567 208 2626 ‘Seu
227 2584 281 2625 vos
303 2565 481 2641 Hesperiam
500 2584 638 2642 magnam
661 2567 854 2644 Saturniaque
875 2587 945 2626 arva

138 2644 220 2706 ‘Sive
242 2643 344 2722 Erycis
365 2649 439 2704 fines
460 2663 620 2722 regemque
642 2647 752 2723 optatis
774 2651 912 2719 Acesten,
1072 2663 1130 2724 570

136 2723 270 2784 ‘Auxilio
292 2735 371 2785 tutos
392 2724 540 2796 dimittam
563 2726 727 2803 opibusque
748 2726 865 2787 iuvabo.

136 2804 247 2865 ‘Voltis
269 2815 299 2865 et
320 2805 367 2865 his
388 2824 508 2865 mecum
529 2807 636 2883 pariter
657 2807 811 2866 considere
833 2805 949 2882 regnis?

135 2885 265 2947 ‘Urbem
288 2904 377 2961 quam
399 2896 506 2960 statu0,
528 2897 625 2946 vestra
646 2897 704 2959 est;
731 2885 887 2946 subducite
908 2906 997 2948 naves
1002 2909 1012 2964 ;

135 2967 228 3025 ‘Tros
246 2964 412 3042 Tyriusque
434 2965 506 3024 mihi
528 2967 610 3025 nullo
631 2964 799 3027 discrimine
820 2977 930 3043 agetur.

137 3047 253 3120 ‘Atque
274 3044 388 3104 utinam
410 3063 461 3104 rex
481 3045 545 3122 ipse
567 3048 649 3105 Noto
669 3047 840 3122 compulsus
862 3047 970 3108 eodem
1072 3063 1129 3124 575

137 3125 276 3184 ‘Adforet
298 3127 430 3184 Aeneas!
452 3125 591 3201 equidem
613 3145 667 3202 per
687 3125 774 3185 litora
794 3137 891 3188 certos

136 3202 312 3264 ‘Dimittam
333 3214 362 3264 et
384 3203 495 3281 Libyae
514 3206 636 3267 lustrare
656 3217 786 3266 extrema
805 3207 925 3283 iubeb0,

137 3282 186 3346 ‘Si
207 3283 314 3360 quibus
335 3283 446 3345 eiectus
467 3284 545 3343 silvis
566 3295 617 3343 aut
636 3286 758 3345 urbibus
779 3287 871 3344 errat!

178 3363 238 3423 His
258 3361 391 3422 animum
411 3363 514 3423 arrecti
534 3362 621 3424 dictis
642 3374 672 3424 et
692 3363 774 3422 fortis
793 3365 922 3422 Achates
