2462 3678
158 97 214 158 272
409 86 445 142 Ρ.
480 86 670 144 VERGILI
692 87 901 147 MARONIS

159 209 275 283 ‘Quem
289 207 386 286 fugis?
407 209 580 268 Extremum
595 210 664 282 fatu,
679 211 761 287 quod
776 221 805 270 te
819 211 977 287 adloquor,
994 211 1062 269 hoc
1083 215 1145 270 est’

157 289 281 350 Talibus
301 291 419 350 Aeneas
439 291 591 350 ardentem
612 300 642 349 et
662 299 745 350 torva
765 301 896 350 tuentem

158 369 283 431 lenibat
304 369 390 430 dictis
410 369 550 443 animum,
572 369 765 448 lacrimasque
785 371 887 430 ciebat.

158 451 214 510 Illa
235 451 299 510 solo
319 451 393 510 fixos
414 451 516 510 oculos
536 469 637 510 aversa
656 453 777 511 tenebat
786 473 796 526 3

158 532 223 590 Nec
244 529 336 608 magis
357 529 476 607 incepto
496 532 609 590 voltum
631 551 766 592 sermone
787 541 926 604 movetur,
1103 552 1158 606 470

157 612 257 686 Quam
276 611 302 670 si
322 613 395 670 dura
416 611 487 671 silex
506 623 559 671 aut
579 622 637 672 stet
657 612 807 688 Marpesia
826 624 934 671 cautes.

156 691 293 751 Tandem
314 690 452 768 corripuit
473 711 545 764 sese,
567 702 656 768 atque
676 691 796 752 inimica
815 690 919 768 refugit

156 773 194 830 In
215 791 319 831 nemus
340 771 539 845 umbriferum,
560 771 689 832 coniunx
709 772 760 833 ubi
780 772 915 849 pristinus
936 772 981 830 illi

157 853 331 928 Respondet
351 851 435 925 curis,
456 863 622 928 aequatque
643 854 793 930 Sychaeus
813 872 951 912 amorem.

156 934 221 993 Nec
242 931 339 991 minus
359 934 485 1004 Aeneas
506 951 576 992 casu
596 952 758 993 concussus
778 931 887 1010 iniquo,
1097 952 1152 1011 475

156 1012 345 1089 Prosequitur
364 1013 489 1072 lacrimis
509 1014 605 1089 longe,
627 1024 657 1073 et
677 1013 829 1074 miseratur
847 1023 975 1073 euntem.

196 1094 272 1153 Inde
293 1094 394 1153 datum
414 1093 534 1153 molitur
553 1093 613 1153 iter.
657 1096 782 1170 Iamque
802 1114 870 1154 arva
889 1097 1037 1154 tenebant

156 1171 277 1246 Ultima,
300 1192 376 1249 quae
397 1173 476 1233 bello
497 1173 566 1233 clari
587 1186 698 1234 secreta
718 1176 908 1250 frequentant

156 1252 217 1312 Hic
236 1252 279 1312 illi
299 1254 424 1313 occurrit
444 1255 575 1330 Tydeus,
596 1253 645 1313 hic
664 1254 793 1314 inclutus
812 1254 900 1314 armis

155 1336 394 1411 Parthenopaeus
415 1345 444 1394 et
464 1334 583 1394 Adrasti
603 1335 739 1411 pallentis
759 1335 874 1411 imago;
1094 1340 1149 1408 480

156 1412 217 1472 Hic
237 1415 363 1474 multum
384 1414 445 1474 fleti
465 1416 503 1474 ad
525 1435 646 1491 superos
666 1415 806 1491 belloque
825 1413 930 1474 caduci
989 1463 991 1468 .

155 1493 353 1566 Dardanidae,
377 1514 451 1571 quos
472 1495 520 1554 ille
541 1515 645 1555 omnes
666 1496 756 1572 longo
777 1495 879 1555 ordine
899 1516 1027 1558 cernens

154 1575 312 1651 Ingemuit,
335 1577 549 1652 Glaucumque,
573 1577 785 1652 Medontaque,
807 1574 1108 1653 Thersilochumque,

152 1657 226 1714 Tres
246 1655 452 1728 Antenoridas,
476 1656 634 1731 Cererique
654 1675 770 1714 sacrum
792 1656 983 1732 Polypheten,

153 1736 347 1812 Idaeumque,
370 1736 459 1796 etiam
480 1756 590 1809 currus,
612 1737 700 1795 etiam
721 1756 802 1795 arma
823 1746 981 1796 tenentem.
1089 1742 1142 1813 485

152 1815 350 1876 Circumstant
371 1816 487 1876 animae
508 1818 610 1876 dextra
630 1818 771 1893 laevaque
791 1819 966 1893 frequentes.

151 1897 218 1955 Nec
238 1897 345 1955 vidisse
366 1899 458 1956 semel
479 1896 548 1956 satis
569 1908 626 1956 est:
651 1897 845 1973 iuratusque
865 1895 971 1956 morari

151 1977 190 2035 Et
210 1979 342 2036 conferre
361 1979 484 2054 gradum
506 1987 535 2036 et
557 1976 697 2037 veniendi
718 1978 830 2036 discere
851 1996 962 2036 causas.

150 2058 191 2114 At
213 2058 351 2116 Danaum
371 2076 506 2132 proceres
526 2057 839 2134 Agamemnoniaeque
860 2058 1022 2133 phalanges
1205 2125 1206 2145 χ

151 2138 195 2196 Ut
214 2137 313 2197 videre
334 2136 428 2196 virum
448 2139 648 2214 fulgentiaque
669 2157 750 2196 arma
770 2157 822 2214 per
842 2137 969 2206 umbras,
1084 2159 1136 2213 490

151 2217 268 2292 Ingenti
289 2217 433 2293 trepidare
454 2229 549 2278 metu:
578 2238 644 2294 pars
664 2229 775 2277 vertere
797 2226 884 2294 terga,

150 2297 214 2356 Ceu
236 2298 388 2372 quondam
408 2297 519 2373 petiere
539 2309 615 2357 rates
624 2319 633 2371 ;
660 2317 727 2373 pars
748 2299 849 2358 tollere
870 2317 974 2357 vocem
1079 2329 1083 2342 ·

149 2376 307 2452 Exiguam:
337 2377 472 2453 inceptus
493 2379 604 2438 clamor
623 2380 774 2437 frustratur
794 2377 917 2437 hiantes.

187 2459 286 2532 Atque
307 2457 355 2516 hic
377 2457 545 2518 Priamiden
565 2459 707 2517 laniatum
727 2477 850 2534 corpore
870 2468 934 2518 toto

149 2535 340 2613 Deiphobum
361 2537 441 2611 vidit,
463 2540 592 2598 lacerum
613 2538 769 2598 crudeliter
787 2557 847 2610 ora,
1077 2556 1128 2615 495

148 2618 209 2677 Ora
228 2636 393 2694 manusque
413 2618 524 2691 ambas,
546 2621 746 2695 populataque
767 2630 900 2694 tempora
920 2617 1009 2694 raptis

146 2696 283 2769 Auribus
306 2709 336 2758 et
356 2709 473 2758 truncas
494 2699 652 2758 inhonesto
672 2699 792 2758 vulnere
812 2717 906 2758 nares.

146 2776 204 2835 Vix
224 2779 301 2837 adeo
322 2779 463 2855 adgnovit
483 2778 663 2855 pavitantem
684 2790 714 2838 et
735 2777 796 2837 dira
817 2790 964 2855 tegentem

147 2857 306 2933 Supplicia,
328 2869 358 2919 et
378 2859 456 2918 notis
476 2861 635 2935 compellat
655 2858 777 2918 vocibus
798 2860 887 2919 ultro:

147 2937 322 3013 ‘Deiphobe
342 2938 529 3014 armipotens
550 2958 644 3016 genus
664 2941 724 2998 alto
744 2958 763 2996 a
782 2938 924 3014 sanguine
945 2938 1058 3012 Teucri,
1072 2957 1124 3016 500

146 3016 239 3090 ‘Quis
259 3027 320 3076 tam
341 3020 474 3077 crudeles
494 3019 607 3093 optavit
627 3037 742 3078 sumere
761 3021 896 3094 poenas?

145 3093 220 3154 ‘Cui
240 3105 355 3153 tantum
376 3097 415 3153 de
436 3107 464 3153 te
485 3095 592 3154 licuit?
625 3096 702 3155 Mihi
723 3099 800 3156 fama
822 3117 957 3174 suprema

145 3173 262 3229 ‘Nocte
282 3171 348 3229 tulit
367 3174 476 3230 fessum
497 3185 579 3232 vasta
600 3185 629 3234 te
649 3177 741 3236 caede
762 3178 918 3253 Pelasgum

145 3248 356 3307 ‘Procubuisse
377 3268 464 3324 super
483 3254 623 3310 confusae
643 3255 746 3330 stragis
767 3275 910 3316 acervum.

145 3328 246 3383 ‘Tunc
267 3336 383 3400 egomet
404 3328 547 3388 tumulum
570 3332 707 3392 Rhoeteo
728 3334 813 3395 litore
833 3335 951 3396 inanem
1069 3357 1118 3416 505
