2460 3686
133 75 190 115 202
382 55 420 112 I'.
454 52 645 112 VERGILI
666 51 878 110 MARONJS

135 178 291 256 Sanguinis
311 189 341 240 et
361 179 435 239 sacri
454 189 580 256 pateras,
601 177 790 253 animamque
810 175 967 252 sepulchro

136 260 301 320 Condimus
322 273 351 319 et
374 279 481 336 magna
501 278 669 336 supremum
688 277 764 317 voce
784 255 902 316 ciamus.

175 341 252 400 Inde
272 342 322 399 ubi
343 340 438 416 prima
459 341 532 399 fides
553 341 669 430 pelago,
690 340 865 414 placataque
886 333 965 394 venti

132 422 214 480 Dant
235 419 327 479 maria
346 431 377 480 et
397 420 471 479 lenis
492 421 637 496 crepitans
657 429 743 478 vocat
764 415 898 476 Auster
890 436 921 476 rn
942 417 1041 486 altum,
1077 428 1119 486 70

133 501 294 560 Deducunt
314 501 387 560 socii
407 519 497 560 naves
518 512 548 559 et
567 501 653 560 litora
671 500 829 575 complent

133 581 325 640 Provehimur
345 591 440 656 portu,
462 591 613 657 terraeque
634 581 781 656 urbesque
802 578 950 637 recedunt.

132 662 221 720 Sacra
240 661 313 718 mari
333 661 438 720 colitur
458 661 558 720 medio
578 660 740 737 gratissima
758 661 845 718 tellus

133 741 296 800 Nereidum
317 743 402 800 matri
422 751 452 801 et
473 744 616 816 Neptuno
636 744 765 816 Aegae0,
1018 812 1022 818 .

133 821 230 895 Quam
251 821 318 897 pius
339 822 513 880 Arcitenens
534 840 599 880 oras
620 830 649 879 et
670 821 755 879 litora
774 817 883 878 circum
1081 827 1117 890 75

134 903 286 959 Errantem
308 905 440 977 Mycono
460 922 478 962 e
498 903 577 960 celsa
597 905 754 976 Gyaroque
774 899 897 958 revinxit

134 981 352 1058 Immotamque
373 981 431 1041 coli
451 981 534 1041 dedit
553 992 584 1041 et
604 993 793 1040 contemnere
813 992 926 1038 ventos

133 1063 206 1119 Huc
224 1063 309 1132 feror,
330 1064 404 1121 haec
423 1063 516 1121 sessos
537 1072 601 1121 tuto
621 1060 820 1137 placidissima
840 1069 925 1136 portu

132 1141 255 1217 Accipit.
299 1142 416 1218 Egressi
437 1161 609 1202 veneramur
629 1141 777 1217 Apollinis
798 1142 909 1199 urbem.

134 1223 199 1280 Rex
219 1221 323 1293 Anius,
343 1242 393 1281 rex
414 1223 494 1281 idem
515 1223 669 1280 hominum
690 1221 863 1296 Phoebique
883 1217 1030 1289 sacerdos,
1081 1217 1116 1272 80

133 1301 222 1360 Vittis
242 1314 272 1361 et
293 1322 374 1361 sacra
394 1302 547 1361 redimitus
568 1313 702 1376 tempora
722 1303 805 1360 lauro

133 1382 275 1454 Occurrit,
297 1393 427 1442 veterem
448 1384 599 1441 Anchisen
620 1381 760 1456 adgnovit
781 1379 918 1438 amicum.

133 1428 285 1537 Iungimus
306 1463 436 1538 hospitio
457 1464 574 1522 dextras
594 1472 623 1520 et
644 1473 722 1520 tecta
742 1461 881 1520 subimus

171 1544 299 1618 Templa
319 1544 367 1601 dei
389 1563 459 1602 saxo
481 1545 641 1602 venerabar
659 1552 771 1600 structa
791 1551 926 1599 vetusto·

134 1625 196 1680 ‘Da
215 1624 373 1699 propriam,
395 1625 590 1698 Thymbraee,
613 1624 754 1695 domum,
776 1623 815 1680 da
836 1617 955 1679 moenia
974 1619 1057 1679 fessis
1086 1621 1118 1694 85
1212 1691 1213 1699 ἵ

136 1704 186 1761 ‘Et
206 1722 298 1779 genus
318 1714 349 1762 et
370 1722 536 1761 mansuram
558 1704 679 1774 urbem;
700 1721 784 1760 serva
804 1703 844 1759 alt
834 1713 894 1760 tera
915 1701 1026 1760 Troiae

134 1785 297 1858 ‘Pergama
318 1783 455 1858 reliquias
478 1785 615 1841 Danaum
636 1793 725 1858 atque
739 1781 865 1840 immitis
884 1780 998 1839 Achilli.

135 1864 245 1938 ‘Quem
265 1862 436 1939 sequimur?
456 1882 553 1938 quove
574 1863 616 1922 ire
635 1862 741 1922 iubes?
760 1861 811 1920 ubi
832 1880 943 1938 ponere
964 1862 1072 1919 sedes?

134 1945 204 2013 ‘Da,
226 1954 318 2018 pater,
340 1943 493 2018 augurium
513 1956 602 2019 atque
623 1942 729 2001 animis
750 1943 881 2001 inlabere
901 1941 1027 2001 nostris.²

131 2023 190 2081 Vix
210 2043 246 2082 ea
265 2025 342 2081 fatus
363 2043 460 2082 eram:
482 2035 605 2082 tremere
628 2023 730 2081 omnia
749 2022 813 2080 visa
832 2032 962 2098 repente,
1087 2040 1122 2096 90

132 2102 307 2180 Liminaque
327 2105 482 2179 laurusque
503 2104 560 2175 dei,
582 2113 720 2179 totusque
740 2103 851 2161 moveri
1046 2106 1070 2122 ⁴·

133 2185 224 2243 Mons
244 2185 354 2241 circum
375 2194 405 2242 et
426 2184 536 2258 mugire
557 2185 652 2262 adytis
673 2183 787 2242 cortina
806 2181 934 2241 reclusis.

133 2263 285 2322 Summissi
306 2263 434 2338 petimus
456 2277 570 2335 terram,
593 2274 622 2323 et
642 2283 700 2324 vox
720 2265 810 2323 fertur
829 2264 868 2321 ad
888 2281 995 2322 aures:

133 2343 337 2402 ‘Dardanidae
359 2345 432 2415 duri,
454 2363 530 2420 quae
551 2363 605 2402 vos
624 2364 643 2402 a
664 2345 754 2420 stirpe
775 2353 931 2419 parentum

133 2424 243 2482 ‘Prima
263 2423 329 2483 tulit
350 2425 445 2496 tellus,
468 2424 572 2484 eadem
593 2443 647 2483 vos
668 2424 758 2483 ubere
778 2426 857 2484 laeto

134 2503 281 2579 ‘Accipiet
300 2506 431 2563 reduces.
474 2505 636 2580 Antiquam
659 2504 802 2579 exquirite
822 2514 954 2564 matrem.

133 2583 208 2641 ‘Hic
228 2585 335 2642 domus
356 2586 476 2643 Aeneae
498 2585 611 2642 cunctis
632 2584 833 2643 dominabitur
852 2584 918 2657 oris,

133 2665 185 2721 ‘Et
205 2663 266 2722 uati
287 2674 423 2722 natorum
445 2675 474 2723 et
495 2664 545 2739 qui
565 2676 724 2723 nascentur
743 2667 782 2724 ab
803 2664 879 2723 iltis.’

133 2745 220 2802 Haec
241 2746 397 2816 Phoebus,
419 2743 571 2820 mixtoque
592 2743 695 2820 ingens
716 2756 816 2803 exorta
835 2745 964 2803 tumultu

131 2823 264 2895 Laetitia,
287 2834 316 2883 et
337 2825 436 2884 cuncti
457 2843 533 2900 quae
554 2823 611 2882 sint
632 2844 668 2883 ea
688 2823 806 2884 moenia
827 2833 978 2900 quaerunt,
1066 2843 1120 2882 100

131 2903 200 2976 Quo
221 2905 359 2963 Phoebus
378 2915 466 2964 vocet
486 2916 613 2963 errantes
633 2902 792 2980 iubeatque
812 2902 924 2964 reverti.

131 2983 210 3040 'l'um
232 2983 354 3057 genitor,
377 2995 508 3043 veterum
528 2986 649 3044 volvens
671 2985 853 3044 monimenta
872 2984 1011 3054 virorum,

134 3061 264 3133 ‘Audite
288 3081 306 3120 0
328 3063 483 3137 proceres,'
502 3063 543 3121 ait
565 3070 608 3124 ‘et
629 3082 696 3139 spes
718 3065 822 3124 discite
842 3075 962 3124 vestras.

133 3143 235 3201 ‘Creta
256 3140 335 3200 Iovis
356 3140 454 3215 magni
476 3143 574 3201 medio
595 3143 671 3201 iacet
692 3143 787 3202 insula
807 3154 910 3220 ponto,

132 3222 238 3278 ‘Mons
260 3220 368 3278 Idaeus
388 3220 440 3278 ubi
461 3231 491 3277 et
511 3221 605 3294 gentis
626 3225 772 3281 cunabula
793 3235 917 3283 nostrae.
1069 3241 1119 3299 105

132 3299 276 3356 ‘Centum
296 3300 383 3356 urbes
404 3296 537 3356 habitant
558 3318 688 3376 magnas,
709 3302 855 3361 uberrima
874 3320 964 3378 regna
974 3322 984 3375 3
