2462 3678
112 129 169 190 270
238 175 242 185 ,
362 109 398 171 1².
434 110 625 171 Varcia]
646 109 857 170 Maronis

114 241 171 298 Per
191 237 313 298 taciturn
333 257 440 298 nemus
460 237 502 299 ire
522 239 692 316 pedemque
711 240 862 299 advertere
882 237 975 314 ripae,

113 319 161 379 Sic
182 319 263 396 prior
282 319 451 396 adgreditur
464 319 559 392 dictis,
582 331 671 396 atque
692 319 823 395 increpat
842 320 935 378 ultro:

115 399 274 476 ‘Quisquis
294 419 335 473 es,
357 410 486 460 armatus
507 399 558 477 qui
578 411 680 460 nostra
699 401 738 459 ad
759 399 880 458 fiumina
900 399 1011 471 tendis,

115 481 206 539 ‘Fare
226 499 290 558 age,
311 479 384 556 quid
404 481 515 554 venias,
537 479 596 540 iarn
617 479 711 554 istinc,
733 490 764 539 et
784 478 946 556 comprime
968 499 1126 556 gressum

115 561 315 621 ‘Umbrarum
336 560 385 620 hic
405 563 488 620 locus
509 571 562 634 est,
584 561 687 621 Somni
708 559 872 636 Noctisque
893 579 1025 636 soporae
1031 582 1044 635 3
1063 580 1127 636 390

115 643 265 718 ‘Corpora
284 640 350 701 viva
370 643 452 701 nefas
474 641 583 720 Stygia.
592 652 710 701 vectare
730 639 835 700 carina.

115 723 201 780 ‘Nec
221 740 291 782 vero
311 721 439 782 Alciden
461 741 509 781 me
530 741 595 781 sum
616 723 740 782 laetatus
761 731 880 781 euntem

116 801 292 879 ‘Accepisse
313 804 388 876 lacu,
410 821 467 862 nec
487 804 605 862 Thesea
626 801 858 877 Pirithoumque,

117 882 188 942 ‘Dis
209 901 390 960 quamquam
410 882 502 960 geniti
521 894 611 960 atque
631 882 732 943 invicti
752 883 860 942 viribus
881 893 989 943 essent

31 999 35 1008 ·
116 965 305 1022 ‘Tartareum
325 963 374 1024 ille
395 983 485 1023 manu
506 965 660 1024 custodem
681 964 713 1022 in
733 963 831 1023 vincla
849 963 953 1040 petivit
1061 985 1124 1042 395

117 1042 232 1119 ‘Ipsius
252 1063 272 1102 a
291 1043 365 1104 solio
387 1045 471 1121 regis,
492 1045 640 1121 traxitque
660 1055 848 1104 trementem:

116 1123 179 1182 ‘Hi
199 1123 353 1184 dominam
374 1124 452 1184 Ditis
472 1126 603 1185 thalamo
623 1125 771 1184 deducere
791 1124 904 1184 adorti’

116 1205 202 1279 Quae
223 1216 325 1264 contra
343 1205 471 1265 breviter
490 1206 550 1264 fata
571 1216 615 1265 est
634 1204 812 1282 Amphrysia
831 1216 930 1266 vates:

117 1286 242 1344 ‘Nullae
263 1285 312 1344 hic
332 1285 456 1346 insidiae
476 1287 549 1345 tales
556 1307 564 1359 3
584 1285 694 1345 absiste
714 1285 826 1345 moveri
832 1307 840 1360 ;

118 1367 202 1425 ‘Nec
222 1364 282 1424 vim
302 1366 362 1425 tela
382 1367 491 1425 serunt:
512 1364 589 1426 licet
601 1365 704 1442 ingens
725 1365 831 1425 ianitor
850 1376 935 1426 antro

117 1448 296 1504 ‘Aeternum
316 1448 424 1505 latrans
445 1463 608 1522 exsangues
628 1456 734 1505 terreat
755 1446 872 1505 umbras
877 1467 887 1521 3
984 1481 988 1489 ·

118 1528 225 1586 ‘Casta
245 1525 314 1586 licet
334 1526 429 1602 patrui
451 1537 546 1586 servet
569 1521 743 1603 Proserpina
763 1526 861 1586 limen.

118 1609 241 1666 ‘Troius
261 1608 387 1680 Aeneas
409 1607 519 1682 pietate
538 1605 660 1682 insignis
682 1617 711 1666 et
731 1607 826 1681 annis,

118 1687 184 1746 ‘Ad
204 1686 367 1764 genitorem
389 1687 461 1746 imas
483 1688 571 1746 Erebi
592 1688 747 1747 descendit
768 1689 807 1747 ad
828 1688 953 1748 umbras

117 1766 165 1827 ‘Si
185 1777 215 1826 te
236 1768 316 1826 nulla
336 1778 436 1826 movet
456 1778 555 1827 tantae
568 1765 685 1844 pietatis
705 1767 811 1844 imago,
1054 1787 1115 1844 405
1218 1822 1219 1828 ,

119 1850 175 1906 ‘At
195 1866 309 1906 ramum
329 1848 422 1906 hunc'
443 1847 548 1923 (aperit
568 1866 690 1921 ramum,
706 1847 758 1924 qui
778 1858 859 1908 veste
878 1848 1004 1925 latebat)

118 1927 327 2004 ‘Adgnoscas'
368 1927 498 1986 Tumida
518 1948 555 1988 ex
575 1928 617 1987 ira
637 1938 701 1986 tum
721 1929 813 1988 corda
831 1928 971 1989 residunt

118 2011 183 2068 Nec
204 2009 287 2083 plura
306 2007 359 2067 his.
403 2009 459 2068 Ille
479 2007 627 2067 admirans
648 2008 815 2069 venerabile
836 2011 948 2069 donum

118 2088 226 2148 Fatalis
246 2088 350 2165 virgae,
373 2090 463 2165 longo
483 2099 551 2165 post
572 2099 705 2164 tempore
725 2090 828 2162 visum,

118 2170 291 2230 Caeruleam
312 2169 437 2228 advertit
456 2168 588 2246 puppim,
610 2169 751 2245 ripaeque
771 2168 956 2246 propinquat.
1054 2191 1114 2242 410

118 2250 195 2308 Inde
215 2248 286 2308 alias
306 2249 427 2321 animas,
451 2268 527 2325 quae
548 2269 600 2325 per
620 2249 688 2325 iuga
707 2252 796 2326 longa
815 2250 967 2322 sedebant,

119 2328 273 2402 Deturbat,
295 2330 432 2406 laxatque
451 2332 545 2389 foros:
567 2329 654 2389 simul
674 2330 782 2406 accipit
803 2333 886 2390 alveo

119 2413 274 2486 Ingentem
294 2412 426 2468 Aenean.
470 2411 590 2470 Gemuit
611 2411 666 2470 sub
686 2412 819 2487 pondere
843 2412 950 2470 cumba

118 2488 225 2563 Sutilis,
248 2500 277 2549 et
297 2491 419 2549 multam
441 2490 556 2566 accepit
576 2490 685 2550 rimosa
706 2492 854 2566 paludem.

118 2572 254 2631 Tandem
269 2569 483 2630 transfluvium
498 2570 662 2630 incolumes
676 2581 832 2648 vatemque
847 2571 999 2648 virumque
1052 2592 1087 2644 41
1093 2591 1110 2649 5

119 2649 244 2711 Insonni
263 2650 335 2710 limo
355 2652 519 2727 glaucaque
540 2650 659 2727 exponit
679 2650 710 2709 in
731 2654 806 2711 ulva

159 2732 304 2792 Cerberus
324 2734 398 2791 haec
418 2731 522 2808 ingens
542 2733 648 2791 latratu
668 2751 757 2808 regna
776 2731 889 2794 trifauci

119 2815 268 2885 Personat,
290 2814 414 2873 adverso
433 2814 578 2872 recubans
599 2811 736 2871 immanis
756 2811 788 2870 in
808 2811 900 2873 antross

118 2892 177 2954 Cui
197 2904 286 2967 vates,
309 2895 425 2953 horrere
445 2893 550 2953 videns
570 2892 629 2951 iam
651 2894 728 2952 colla
748 2893 885 2966 colubris,

119 2974 210 3033 Melle
232 2984 399 3049 soporatam
420 2983 449 3034 et
470 2972 623 3033 medicatis
644 2971 773 3048 frugibus
794 2974 883 3032 offam
1053 2993 1110 3046 4²0

119 3051 227 3113 Obicit.
271 3055 327 3112 Ille
346 3054 424 3113 fame
445 3054 547 3113 rabida
567 3052 622 3112 tria
641 3064 758 3129 guttura
778 3054 911 3130 pandens

119 3131 247 3208 Conipit
268 3133 423 3205 obiectam,
446 3142 536 3209 atque
556 3132 697 3192 immania
715 3143 798 3210 terga
818 3131 936 3193 resolvit

119 3214 214 3272 Fusus
235 3210 326 3285 humi,
349 3222 472 3287 totoque
492 3213 596 3288 ingens
618 3214 784 3273 extenditur
803 3224 896 3273 antro.

119 3294 254 3364 Occupat
274 3294 391 3350 Aeneas
412 3291 524 3348 aditum
545 3292 669 3350 custode
689 3295 812 3368 sepulto,

120 3369 285 3443 Evaditque
305 3369 384 3426 celer
403 3367 494 3442 ripam
516 3368 712 3428 inremeabilis
732 3373 839 3432 undae.
1055 3392 1106 3452 425

1042 3638 1052 3641 ..
1063 3626 1219 3641 .-—fi-.'-——-⁴
