2462 3678
401 42 642 103 AENEIDOS
666 43 752 101 LJB.
787 44 833 101 VI.
1058 47 1112 118 267

95 170 154 232 Sit
180 169 258 229 mihi
280 171 323 229 sas
345 169 447 229 audita
463 167 565 245 loqui3
587 167 626 228 sit
647 167 769 230 numine
789 178 887 228 vestro

97 253 255 311 Pandere
276 270 323 310 res
344 252 404 309 alta
425 260 500 310 terra
521 259 551 310 et
571 247 695 326 caligine
716 269 833 309 mersas.

151 332 250 390 Ibant
273 330 390 390 obscuri
412 331 475 390 sola
495 330 550 390 sub
571 340 659 390 nocte
677 349 730 406 per
751 331 895 404 umbram,

100 414 235 488 Perque
256 413 362 471 domos
384 409 461 470 Ditis
479 429 585 469 vacuas
606 419 636 470 et
656 408 756 470 inania
774 429 881 486 regna:

102 494 217 567 Quale
237 511 291 567 per
310 491 451 550 incertam
475 493 576 550 lunam
597 491 653 550 sub
673 491 740 550 luce
764 490 893 566 maligna
1060 507 1116 564 210
1179 557 1182 565 Ι

104 575 172 632 Est
196 571 252 632 iter
269 570 301 631 in
320 570 407 644 silvis,
430 569 481 631 ubi
502 573 618 630 caelum
639 569 774 631 condidit
795 572 899 630 umbra

104 653 263 728 Iuppiter,
285 662 316 712 et
337 653 424 712 rebus
444 671 504 711 nox
523 650 642 712 abstulit
661 662 723 711 atra
744 653 880 711 colorem.

103 732 308 793 Vestibulum
330 743 399 792 ante
424 731 521 808 ipsum
542 731 701 809 primisque
723 730 754 790 in
776 731 908 792 saucibus
932 730 1002 793 Orci

106 816 233 873 Luctus
255 823 285 873 et
306 811 424 872 ultrices
445 832 569 889 posuere
592 811 701 872 cubilia
721 813 826 884 Curae,

108 895 328 969 Pallentesque
350 893 483 952 habitant
509 893 617 966 Morbi,
639 891 786 968 tristisque
805 895 955 964 Senectus,
1059 908 1114 968 ²75

108 976 157 1033 Et
185 975 294 1047 Metus,
318 983 348 1033 et
368 975 539 1033 malesuada
562 975 675 1046 Fames
695 992 731 1032 ac
751 972 843 1048 turpis
865 975 997 1048 Egestas

108 1053 278 1113 Terribiles
301 1053 365 1114 visu
385 1055 505 1126 formae,
529 1055 704 1129 Letumque,
729 1055 906 1129 Labosque,

110 1137 200 1194 Tum
222 1133 457 1211 consanguineus
479 1132 546 1194 Leti
568 1136 671 1210 Sopor,
696 1144 726 1194 et
747 1135 826 1192 mala
846 1131 953 1192 mentis

111 1214 246 1288 Gaudia,
269 1213 508 1290 mortisemmque
528 1216 652 1274 adverso
672 1213 703 1273 in
720 1213 822 1273 limine
845 1215 969 1285 Bellum,

113 1293 277 1370 Ferreique
299 1295 500 1355 Eumenidum
521 1293 651 1386 thalami,
674 1305 704 1354 et
727 1294 884 1353 Discordia
902 1295 1034 1365 demens,
1059 1295 1116 1351 280

112 1374 280 1452 Vipereum
302 1377 412 1435 crinem
433 1374 513 1435 vittis
537 1374 644 1434 innexa
666 1374 834 1435 cruentis.

159 1458 198 1513 In
219 1455 320 1516 medio
337 1475 434 1516 ramos
452 1435 623 1532 armosaqde
643 1455 780 1514 bracchia
798 1454 902 1532 pandit

115 1537 229 1596 Ulmus
251 1555 352 1612 opaca,
375 1536 488 1612 ingens,
511 1556 600 1613 quam
623 1537 725 1596 sedern
748 1537 869 1596 Somnia
889 1537 976 1612 volgo

115 1619 206 1675 Vana
226 1626 325 1677 tenere
346 1618 450 1689 ferunt,
472 1617 607 1693 foliisque
628 1617 683 1676 sub
705 1617 842 1676 omnibus
863 1618 990 1677 haerent.

118 1697 279 1773 Multaque
300 1707 450 1774 praeterea
469 1698 611 1756 variarum
630 1708 760 1757 monstra
780 1699 905 1757 ferarum
1057 1699 1111 1774 285

118 1777 262 1838 Centauri
281 1776 313 1836 in
333 1778 443 1837 foribus
465 1778 621 1851 stabulant,
647 1779 819 1854 Scyllaeque
843 1777 987 1838 biformes

102 1861 160 1917 .Et
179 1857 434 1934 centumgeminus
446 1857 597 1930 Briareus,
617 1878 652 1918 ac
673 1859 772 1919 bellua
793 1860 906 1918 Lernae

69 1973 73 1980 -
120 1939 313 1998 Horrendum
333 1938 468 2011 stridens,
488 1938 673 2016 flammisque
694 1949 805 1998 armata
824 1937 989 2010 Chimaera,

120 2020 284 2095 Gorgones,
309 2019 529 2096 Harpyiaeque,
552 2029 582 2079 et
605 2021 698 2079 forma
716 2017 883 2094 tricorporis
902 2020 1031 2078 umbrae

120 2099 248 2175 Corripit
269 2098 319 2158 hic
341 2099 438 2159 subita
460 2099 591 2176 trepidus
613 2098 770 2160 formidine
790 2099 897 2159 serrum
1058 2119 1115 2174 ²90

120 2182 247 2253 Aeneas
272 2179 461 2257 strictamque
483 2180 577 2240 aciem
598 2179 783 2240 venientibus
804 2180 896 2253 offert,

121 2263 169 2331 Et,
192 2259 223 2318 ni
244 2261 334 2320 docta
354 2279 456 2320 comes
472 2270 576 2321 tenues
597 2261 660 2321 sine
680 2279 803 2337 corpore
822 2258 897 2320 vitas

121 2341 288 2400 Admoneat
308 2340 429 2401 volitare
453 2359 525 2401 cava
544 2343 600 2400 suh
621 2341 748 2418 imagine
770 2343 889 2414 formae,

122 2421 232 2494 Inruat,
253 2432 283 2481 et
301 2422 406 2480 frustra
425 2423 501 2482 ferro
524 2422 688 2482 diverberet
705 2422 831 2482 umbras.

162 2500 244 2560 Hinc
264 2500 312 2560 via
334 2501 466 2562 Tartarei
490 2521 565 2578 quae
586 2503 640 2561 fert
660 2503 837 2562 Acherontis
859 2504 898 2562 ad
921 2505 1023 2566 undas.
1057 2520 1112 2580 295

123 2580 270 2642 Turbidus
291 2581 341 2640 hic
362 2602 456 2642 caeno
478 2593 617 2659 vastaque
639 2583 777 2658 voragine
801 2603 906 2659 gurges

124 2664 245 2721 Aestuat
266 2672 357 2739 atque
378 2681 498 2722 omnem
523 2664 638 2740 Cocyto
659 2673 771 2723 eructat
791 2665 939 2723 harenam.

125 2741 248 2802 Portitor
270 2743 323 2802 has
345 2744 509 2803 horrendus
527 2763 618 2819 aquas
638 2753 669 2804 et
689 2742 811 2802 fiumina
831 2754 925 2802 servat

124 2821 255 2882 Terribili
276 2823 412 2899 squalore
436 2825 572 2884 Charon:
594 2822 643 2882 cui
666 2822 792 2898 plurima
809 2832 911 2882 mento

126 2901 251 2964 Canities
272 2901 384 2962 inculta
403 2902 480 2964 iacet
489 2925 498 2978 ;
520 2913 598 2964 stant
621 2901 735 2962 lumina
755 2903 892 2975 flamma;
1057 2924 1115 2981 300

125 2982 260 3043 Sordidus
278 3003 316 3044 ex
337 2983 446 3044 umeris
464 2986 545 3045 nodo
569 2984 720 3060 dependet
741 2981 873 3042 amictus.

128 3065 192 3140 Ipse
214 3073 307 3123 ratem
329 3074 420 3124 conto
441 3065 557 3142 subigit,
579 3063 711 3140 velisque
733 3062 885 3138 ministrat,

127 3145 163 3203 Et
181 3143 344 3218 ferruginea
365 3146 518 3206 subvectat
531 3164 654 3221 corpora
677 3146 794 3218 cumba,

128 3225 187 3282 Iam
209 3224 325 3298 senior;
350 3226 403 3284 sed
427 3226 519 3285 cruda
537 3227 595 3285 deo
617 3223 942 3302 viridisquesenectus.

129 3305 193 3368 Huc
216 3305 312 3366 omnis
331 3307 424 3374 turba,
439 3306 478 3365 ad
499 3305 577 3383 ripas
597 3306 690 3366 eflusa
710 3307 821 3378 mebat,
1055 3322 1111 3382 305
