2494 3702
390 60 664 122 GEORGICON
678 62 762 119 LIB.
786 63 832 119 JI.
1047 81 1100 120 121

103 196 196 254 Nunc
217 213 278 270 quo
303 212 452 269 quamque
475 192 567 252 modo
588 192 682 268 possis
704 211 882 270 cognoscere
905 192 1011 254 dicam.

105 277 187 333 Rara
211 274 248 332 sit
270 293 309 332 an
331 291 419 348 supra
440 291 554 332 morem
577 273 601 331 si
625 274 719 332 densa
742 273 872 347 requires

103 354 222 430 (Altera
241 353 395 412 frumentis
418 352 560 428 quoniam
582 354 668 424 favet,
693 354 787 412 altera
808 355 935 429 Baccho,

104 436 213 493 Densa
234 433 327 509 magis
352 432 460 505 Cereri,
484 431 629 491 rarissima
653 451 789 508 quaeque
804 435 926 512 Lyaeo),

103 516 186 572 Ante
208 514 307 572 locum
330 513 428 588 capies
450 513 544 572 oeulis
566 515 683 588 alteque
707 511 822 572 iubebis
1044 535 1102 591 230

105 596 146 652 In
168 593 266 652 solido
287 603 409 668 puteum
429 591 547 652 demitti
572 611 752 668 omnemque
776 611 901 668 repones

105 675 222 731 Rursus
244 674 368 732 humum
392 673 568 749 etpedibus
591 691 721 731 summas
745 673 884 748 aequabis
907 675 1039 734 harenas.

105 753 138 812 Si
161 754 277 824 derunt,
300 773 404 826 rarum,
430 752 589 828 pecorique
612 762 642 811 et
662 751 770 811 vitibus
792 753 876 812 almis

104 833 216 909 Aptius
240 835 312 892 uber
335 833 388 892 erit
398 854 406 906 3
441 833 486 892 sin
506 833 537 890 in
559 852 613 891 sua
633 851 722 908 posse
740 834 891 908 negabunt

106 914 157 972 Ire
183 915 250 973 loca
271 924 300 972 et
321 912 472 972 scrobibus
495 913 645 988 superabit
666 925 741 972 terra
761 913 888 989 repletis,
1046 930 1100 988 235

106 992 225 1068 Spissus
249 1012 336 1068 ager:
369 995 488 1068 glaebas
509 1001 683 1052 cunctantes
708 1012 862 1068 crassaque
883 1005 963 1071 terga

107 1076 243 1148 Expecta
263 1084 292 1132 et
312 1073 416 1132 validis
438 1084 542 1132 terram
565 1072 722 1148 proscinde
741 1073 881 1132 iuvencis.

107 1154 193 1212 Salsa
215 1163 314 1211 autem
335 1154 421 1212 tellus
442 1163 472 1212 et
492 1172 569 1228 quae
590 1153 759 1228 perhibetur
781 1173 888 1226 amara,

108 1232 256 1308 Frugibus
276 1231 378 1291 infelix
399 1233 447 1309 (ea
467 1253 522 1292 nec
543 1233 723 1292 mansuescit
744 1234 863 1305 arando,

109 1315 179 1372 Nec
201 1314 320 1370 Baccho
340 1332 433 1388 genus
454 1323 505 1372 aut
524 1313 622 1389 pomis
643 1333 696 1370 sua
716 1313 837 1372 nomina
858 1313 964 1392 servat)
1045 1333 1104 1384 240

108 1394 186 1451 Tale
209 1391 291 1452 dabit
313 1393 479 1467 specimen:
514 1405 546 1452 tu
569 1392 665 1468 spisso
689 1392 797 1452 vimine
821 1396 923 1470 qualos

109 1473 246 1547 Colaque
270 1473 417 1548 prelorum
439 1472 561 1533 fumosis
584 1472 686 1548 deripe
707 1472 810 1546 tectis;

110 1555 186 1610 Huc
208 1571 275 1628 ager
298 1551 347 1610 ille
369 1554 463 1611 malus
486 1554 646 1628 dulcesque
671 1573 689 1610 a
709 1553 839 1612 fontibus
863 1555 960 1614 undae

109 1633 163 1691 Ad
186 1633 307 1707 plenum
331 1633 498 1692 calcentur:
518 1652 596 1708 aqua
620 1633 794 1692 eluctabitur
817 1633 914 1692 omnis

112 1710 231 1771 Scilicet
253 1724 283 1771 et
305 1713 430 1787 grandes
454 1713 539 1772 ibunt
561 1732 613 1788 per
634 1712 744 1771 vimina
763 1723 863 1788 guttae
875 1734 884 1787 3
1046 1730 1102 1788 245

111 1795 154 1850 At
176 1811 264 1868 sapor
287 1791 427 1851 indicium
452 1792 539 1852 faciet
564 1793 742 1866 manifestus,
768 1804 799 1852 et
822 1813 873 1852 ora

112 1871 223 1931 Tristia
244 1882 440 1947 temptantum
466 1892 553 1932 sensu
576 1872 724 1948 torquebit
747 1891 870 1932 amaror.

113 1951 235 2027 Pinguis
259 1951 330 2010 item
355 1971 430 2028 quae
454 1953 491 2012 sit
513 1954 608 2026 tellus,
632 1955 690 2013 hoc
713 1953 841 2028 denique
863 1963 951 2027 pacto

114 2032 264 2091 Discimus
277 2054 296 2091 :¹
318 2033 398 2092 haud
421 2052 561 2109 umquam
583 2033 719 2092 manibus
740 2032 848 2091 iactata
869 2033 984 2104 fatiscit,

113 2113 174 2171 Sed
198 2111 271 2187 picis
295 2110 326 2170 in
348 2131 461 2172 morem
486 2114 525 2171 ad
547 2112 653 2188 digitos
678 2111 812 2172 lentescit
833 2113 980 2170 habendo
1047 2127 1104 2187 250

113 2191 230 2252 Umida
252 2191 377 2250 maiores
401 2193 505 2251 herbas
528 2192 587 2262 alit,
611 2193 733 2268 ipsaque
757 2192 834 2250 iusto

114 2271 241 2330 Laetior.
284 2273 339 2343 Ah,
362 2270 486 2330 nimium
511 2292 549 2331 ne
571 2271 608 2331 sit
629 2271 701 2330 mihi
723 2271 823 2331 fertilis
847 2272 897 2332 illa

114 2355 183 2411 Nec
206 2371 238 2410 se
259 2350 455 2426 praevalidam
479 2351 579 2428 primis
603 2351 740 2412 ostendat
762 2351 872 2412 aristis!

116 2433 203 2506 Quae
225 2430 318 2506 gravis
343 2442 387 2490 est
411 2431 476 2508 ipso
498 2432 615 2491 tacitam
641 2451 673 2491 se
697 2432 827 2508 pondere
849 2431 955 2508 prodit,
1035 2429 1103 2511 [255

116 2513 261 2586 Quaeque
282 2510 363 2570 levis.
405 2514 576 2587 Promptum
599 2522 644 2571 est
668 2511 760 2571 oculis
782 2512 965 2588 praediscere
985 2511 1105 2588 nigram,

117 2593 158 2650 Et
183 2590 248 2664 quis
271 2590 318 2648 cui
340 2593 430 2650 color.
471 2595 512 2650 At
536 2594 709 2652 sceleratum
732 2592 881 2667 exquirere
904 2592 993 2668 frigus

117 2669 247 2730 Difficile
271 2681 334 2730 est:
367 2670 470 2746 piceae
491 2681 606 2730 tantum
630 2671 748 2746 taxique
773 2682 915 2730 nocentes

117 2751 273 2810 Interdum
295 2761 345 2809 aut
367 2751 494 2810 hederae
516 2753 651 2826 pandunt
676 2750 797 2826 vestigia
820 2751 926 2826 nigrae.

159 2830 218 2888 His
240 2829 451 2890 animadversis
476 2843 581 2890 terram
605 2833 699 2891 multo
722 2841 790 2888 ante
812 2842 963 2889 memento

22 2964 26 2970 .
118 2913 294 2985 Excoquere
319 2921 350 2970 et
372 2929 496 2986 magnos
519 2911 670 2970 scrobibus
693 2909 849 2970 concidere
870 2921 996 2982 montes,
1050 2913 1108 2968 260

118 2994 199 3051 Ante
223 2989 370 3065 supinatas
393 2990 533 3066 Aquiloni
554 2991 709 3050 ostendere
731 2992 860 3067 glaebas,

55 3111 58 3119 .
120 3070 221 3144 Quam
246 3071 357 3128 laetum
379 3069 506 3130 infodias
527 3070 593 3130 vitis
617 3089 717 3146 genus
760 3069 882 3146 Optima
903 3067 981 3144 putri

118 3153 201 3208 Arva
224 3150 306 3208 solo:
341 3147 372 3208 id
393 3149 473 3208 venti
496 3160 598 3208 curant
620 3150 793 3226 gelidaeque
816 3148 936 3225 pruinae

120 3231 161 3288 Et
184 3229 332 3288 labefacta
354 3247 477 3288 movens
499 3233 636 3288 robustus
660 3229 760 3304 iugera
780 3233 882 3288 fossor.

122 3313 168 3368 Ac
191 3308 313 3384 siquos
337 3308 418 3366 haud
442 3309 503 3364 ulla
526 3307 603 3364 viros
624 3307 774 3382 vigilantia
793 3307 875 3378 fugit,
1054 3307 1108 3377 265
