2494 3702
351 846 384 908 P.
414 846 612 912 VERGILI
645 846 866 913 MARONIS

264 1014 888 1136 ΙΘΕΟΜΙΕΟΝ

394 1215 536 1278 LIBER
564 1216 824 1282 'SECUNDUS

108 1471 289 1528 HACTENUS
311 1485 444 1526 arvorum
466 1469 562 1526 cultus
583 1479 613 1528 et
634 1467 730 1528 sidera
750 1467 841 1541 caeli3
942 1467 945 1473 ’

108 1551 203 1608 Nunc
224 1556 261 1618 te,
284 1548 409 1617 Bacche,
431 1567 545 1620 canam,
568 1567 707 1607 necnon
728 1547 868 1608 silvestria
889 1558 987 1607 tecum

108 1627 247 1704 Virgulta
267 1636 297 1685 et
317 1627 430 1702 prolem
453 1628 534 1688 tarde
555 1627 713 1688 crescentis
734 1627 835 1688 olivae.

111 1711 194 1778 Huc,
217 1717 299 1783 pater
320 1726 339 1766 o
360 1709 478 1766 Lenaee
499 1707 568 1784 (tuis
588 1707 637 1766 hic
658 1708 760 1767 omnia
779 1710 868 1784 plena

112 1787 299 1858 Muneribus
323 1786 375 1846 tibi
396 1787 556 1863 pampineo
576 1788 713 1864 gravidus
735 1799 878 1847 autumno
1080 1803 1095 1864 5

111 1870 212 1926 Floret
233 1885 309 1943 ager,
331 1878 448 1942 spumat
469 1867 564 1944 plenis
584 1867 733 1927 vindemia
753 1867 853 1946 labris)

112 1949 194 2018 Huc,
216 1956 298 2022 pater
319 1966 338 2006 o
359 1949 486 2020 Lenaee,
511 1947 588 2019 veni,
613 1949 784 2024 nudataque
805 1958 904 2006 musto

110 2028 229 2104 Tingue
251 2045 329 2086 novo
354 2046 471 2086 mecum
496 2027 618 2104 direptis
642 2047 725 2086 crura
751 2027 910 2087 cothurnis,

143 2104 302 2182 ⁴Principio
322 2107 475 2166 arboribus
495 2107 575 2166 varia
596 2119 640 2168 est
661 2119 767 2166 natura
786 2106 928 2167 creandis.

112 2188 251 2262 Namque
274 2185 348 2245 aliae
372 2187 460 2245 nullis
482 2186 635 2247 hominum
661 2186 834 2264 cogentibus
859 2186 941 2262 ipsae
1062 2205 1097 2244 10

111 2269 225 2343 Sponte
246 2285 299 2325 sua
320 2266 441 2326 veniunt
465 2287 644 2344 camposque
670 2280 699 2328 et
723 2267 845 2326 flumina
866 2269 925 2326 late

111 2348 211 2407 Curva
231 2356 341 2418 tenent,
363 2358 396 2406 ut
418 2349 507 2407 molle
531 2349 598 2407 siler
617 2350 773 2424 lentaeque
793 2345 926 2425 genistae

111 2427 245 2502 Populus
267 2436 296 2484 et
315 2428 420 2503 glauca
439 2428 575 2486 canentia
594 2429 697 2488 fronde
718 2429 819 2488 salicta
826 2452 836 2505 3

111 2509 184 2565 Pars
209 2517 307 2566 autem
329 2506 428 2582 posito
450 2519 570 2584 surgunt
591 2510 629 2568 de
650 2509 770 2582 semine,
792 2519 825 2568 ut
848 2511 925 2568 altae

112 2588 285 2658 Castaneas
307 2605 522 2663 nemorumque
543 2588 609 2647 Iovi
629 2607 705 2664 quae
726 2588 852 2648 maxima
872 2590 988 2648 frondet
1062 2605 1094 2664 15

111 2668 266 2738 Aesculus,
288 2677 377 2742 atque
398 2667 516 2727 habitae
538 2667 622 2727 Grais
644 2670 761 2727 oracula
781 2688 912 2744 quercus.

112 2747 241 2806 Pullulat
260 2746 298 2805 ab
319 2745 418 2806 radice
438 2746 501 2806 aliis
522 2748 696 2808 densissima
716 2748 796 2818 silva,

112 2827 158 2886 Ut
178 2825 284 2885 cerasis
306 2826 451 2902 ulmisque
460 2849 469 2900 3
496 2827 585 2886 etiam
608 2826 749 2886 Parnasia
768 2829 865 2886 laurus

112 2908 206 2965 Parva
227 2905 280 2964 sub
301 2904 412 2982 ingenti
433 2907 531 2966 matris
552 2927 584 2966 se
606 2906 713 2966 subicit
735 2907 846 2966 umbra.

113 2989 183 3046 Hos
205 2996 308 3044 natura
330 2987 436 3045 modos
458 2986 585 3062 primum
609 2987 708 3059 dedit;
736 2986 781 3047 his
802 3007 893 3064 genus
917 3007 1006 3048 omne
1060 3007 1095 3047 20

111 3065 255 3128 Silvarum
276 3065 473 3142 fruticumque
494 3066 568 3126 viret
591 3086 805 3143 nemorumque
829 3087 984 3128 sacrorum.

153 3148 226 3206 Sunt
246 3145 304 3218 alii,
327 3165 403 3220 quos
427 3146 489 3221 ipse
512 3147 560 3206 via
583 3146 638 3206 sibi
658 3148 784 3224 repperit
805 3167 882 3209 usus.

112 3225 176 3284 Hic
198 3226 314 3301 plantas
336 3236 437 3284 tenero
459 3226 636 3286 abscindens
660 3228 699 3287 de
720 3247 842 3302 corpore
864 3238 989 3288 matrum

113 3303 262 3382 Deposuit
284 3304 389 3376 sulcis;
416 3304 465 3363 hic
486 3305 589 3380 stirpes
613 3306 709 3364 obruit
732 3326 801 3363 arvo

114 3383 362 3460 Quadrifidasque
385 3384 474 3442 sudes
496 3395 525 3442 et
549 3393 637 3441 acuto
660 3385 766 3440 robore
789 3384 888 3440 vallos.
1060 3399 1094 3457 ²5

856 3515 858 3521 ’
922 3500 997 3552 8-2
