2442 3686
273 173 274 176 a
374 101 824 160 malvernensem.

88 228 192 284 Arma
210 227 306 286 serunt
326 224 375 285 alii
395 235 425 284 et
445 237 570 302 pergunt
590 227 750 286 defendere
771 247 885 290 muros:

92 307 232 366 Inclusas
252 317 286 366 ut
306 326 374 365 curn
394 307 542 367 latebroso
562 305 594 365 in
614 306 731 383 pumice
751 318 852 382 pastor

90 386 262 462 Vestigavit
281 406 361 462 apes,
382 387 524 462 fumoque
544 386 666 462 inplevit
686 406 786 446 amaro
791 407 800 460 3

95 467 175 525 Illae
194 467 273 526 intus
294 465 426 542 trepidae
447 485 544 525 rerum
564 486 617 542 per
637 485 722 526 cerea
742 477 837 526 castra

96 545 284 619 Discurrunt,
305 545 479 622 magnisque
500 557 611 605 acuunt
631 545 803 606 stridoribus
824 547 881 606 iras
886 569 896 622 3

96 625 235 686 Volvitur
255 637 317 686 ater
338 626 412 686 odor
432 625 532 701 tectis3
553 637 616 685 turn
637 646 785 704 murmure
806 647 898 687 caeco

97 708 186 765 Intus
207 725 277 764 saxa
297 717 404 766 sonant
409 727 418 780 3
438 725 546 765 vacuas
567 705 590 765 it
609 708 707 765 sumus
727 707 767 765 ad
787 725 880 767 auras.

140 785 257 845 Accidit
277 788 352 846 haec
371 784 454 845 sessis
475 785 564 845 etiarn
584 787 703 845 fortuna
723 786 845 858 Latinis,

97 867 186 942 Quae
206 877 299 925 totam
318 868 400 925 luctu
421 865 571 925 concussit
590 866 722 925 funditus
743 867 854 926 urbem.

72 981 76 985 ·
96 945 216 1022 Regina
235 956 269 1005 ut
289 945 373 1004 tectis
393 945 561 1005 venientem
581 943 722 1022 prospicit
742 947 868 1018 hostem,
1033 964 1088 1025 595

97 1025 215 1085 Incessi
235 1045 344 1098 muros,
366 1025 448 1100 ignes
469 1027 508 1085 ad
529 1035 609 1085 tecta
629 1027 736 1099 volare,

96 1108 255 1182 Nusquam
276 1104 354 1165 acies
374 1115 478 1165 contra
498 1107 633 1177 Rutulas,
657 1107 738 1164 nulla
757 1105 874 1182 agmina
895 1107 1002 1166 Turni:

98 1185 208 1245 Infelix
228 1205 346 1262 pugnae
365 1185 503 1245 iuvenem
524 1184 554 1243 in
575 1185 736 1245 certamine
757 1186 850 1244 credit

96 1266 292 1338 Exstincturn,
315 1277 352 1338 et,
376 1265 473 1325 subito
494 1276 624 1324 mentem
645 1267 761 1324 turbata
782 1267 892 1338 dolore,

95 1348 136 1406 Se
156 1365 290 1405 caussam
310 1347 418 1405 clamat
438 1345 608 1420 crimenque
629 1356 778 1421 caputque
794 1347 948 1419 malorum,
1032 1349 1090 1405 600

97 1428 256 1502 Multaque
276 1445 329 1502 per
349 1435 493 1485 maestum
515 1426 638 1484 demens
659 1427 746 1484 effata
765 1426 901 1499 furorem,

97 1508 266 1582 Purpureos
286 1505 427 1565 moritura
447 1525 537 1564 manu
559 1503 698 1564 discindit
717 1505 850 1576 amictus,

98 1589 138 1644 Et
159 1587 272 1645 nodum
293 1585 425 1645 informis
445 1585 497 1644 leti
517 1587 599 1644 trabe
618 1585 710 1644 nectit
730 1588 769 1644 ab
789 1587 856 1645 alta.

98 1666 198 1740 Quam
220 1667 336 1726 cladem
357 1664 480 1724 miserae
500 1676 658 1741 postquam
679 1685 820 1742 accepere
842 1667 974 1740 Latinae,

98 1745 175 1805 Filia
196 1745 298 1822 prima
310 1765 398 1803 manu
419 1746 509 1804 floros
531 1745 653 1803 Lavinia
673 1745 767 1804 crines
1031 1749 1087 1824 605

98 1828 138 1884 Et
160 1845 259 1884 roseas
276 1815 389 1884 laniata
407 1844 506 1900 genas
529 1835 592 1883 tum
613 1835 711 1883 cetera
731 1825 841 1882 circum
1080 1831 1086 1841 ’

96 1907 201 1964 Turba
220 1903 288 1963 furit
294 1926 303 1979 3
323 1915 463 1964 resonant
483 1905 542 1963 late
562 1904 752 1980 plangoribus
773 1905 871 1962 aedes,

98 1985 182 2044 Hinc
202 1995 296 2044 totam
316 1984 417 2042 infelix
438 1985 570 2060 volgatur
589 1985 669 2041 fama
690 2003 742 2060 per
763 1985 874 2044 urbem.

99 2065 268 2123 Demittunt
289 2075 404 2124 mentes
410 2085 418 2137 ;
439 2063 461 2122 it
482 2063 572 2122 scissa
593 2075 674 2123 veste
697 2062 828 2135 Latinus,

98 2143 242 2220 Coniugis
262 2143 405 2204 attonitus
425 2143 491 2202 latis
513 2142 652 2219 urbisque
673 2143 764 2214 ruina,
1031 2147 1089 2203 610

98 2225 247 2284 Canitiem
268 2223 413 2283 inmundo
433 2225 580 2300 perfusam
600 2225 720 2298 pulvere
740 2235 862 2299 turpans

99 2302 269 2384 [Multaque
290 2323 321 2363 se
341 2304 465 2376 incusat,
488 2303 539 2378 qui
559 2323 621 2362 norr
641 2302 787 2378 acceperit
807 2314 876 2362 ante

100 2383 284 2444 Dardanium
305 2386 438 2456 Aenean,
460 2401 660 2460 generumque
680 2382 835 2442 adsciverit
855 2381 954 2464 ultro].

138 2467 257 2523 Interea
277 2474 408 2523 extremo
428 2465 553 2522 bellator
571 2463 603 2522 in
622 2482 752 2539 aequore
771 2466 888 2523 Turnus

61 2601 63 2604 .
98 2546 236 2604 Palantes
257 2544 389 2620 sequitur
408 2563 520 2619 paucos
541 2543 600 2601 iam
620 2543 744 2618 segnior,
766 2553 855 2620 atque
1029 2547 1086 2620 615

98 2627 165 2683 Iam
186 2623 282 2683 minus
303 2634 392 2699 atque
413 2622 509 2682 minus
529 2642 666 2682 successu
686 2624 780 2682 laetus
801 2642 954 2699 equorum.

97 2703 205 2764 Attulit
224 2706 304 2763 hunc
323 2703 364 2762 illi
385 2703 480 2763 caecis
501 2702 658 2763 terroribus
678 2722 748 2761 aura

98 2782 301 2845 Commixtum
322 2785 489 2855 clamorem,
511 2793 695 2858 arrectasque
715 2781 822 2858 inpulit
842 2801 928 2842 aures

99 2866 247 2925 Consusae
268 2883 358 2924 sonus
379 2863 458 2923 urbis
480 2874 510 2922 et
529 2862 697 2922 inlaetabile
717 2881 853 2920 murmur.

99 2943 178 3003 ‘Hei
198 2943 283 3002 milri!
305 2942 376 3019 quid
397 2953 481 3002 tanto
502 2945 656 3002 turbantur
675 2943 795 3001 moenia
814 2945 920 3002 luctu?
1028 2944 1087 3000 620

99 3023 228 3099 ‘Quisve
248 3023 306 3082 ruit
326 3033 425 3082 tantus
447 3023 561 3082 diversa
581 3023 692 3082 clamor
711 3024 749 3081 ab
770 3023 881 3082 urbe?'

98 3103 145 3164 Sic
164 3102 214 3174 ait,
236 3102 431 3180 adductisque
451 3122 554 3162 amens
575 3101 706 3162 subsistit
726 3102 859 3162 habenis.

98 3188 197 3259 Atque
217 3181 295 3254 huic,
317 3182 474 3242 infaciem
498 3201 580 3242 soror
599 3193 632 3241 ut
653 3201 794 3241 conversa
816 3181 935 3242 Metisci

98 3263 223 3339 Aurigae
244 3281 417 3338 currumque
439 3273 469 3322 et
489 3282 582 3338 equos
605 3272 635 3320 et
656 3264 718 3320 lora
738 3265 865 3338 regebat,

98 3344 221 3402 Talibus
241 3343 368 3402 occurrit
388 3341 486 3402 dictis:
508 3345 604 3416 ‘Hac,
626 3344 736 3414 Tume‚
758 3361 915 3419 sequamur
1029 3343 1085 3416 625
