2494 3702
137 77 174 152 96
387 76 424 132 P.
461 74 651 134 VERGILI
672 75 884 134 MARONIS

139 230 242 307 (Quod
262 247 415 303 nunquam
435 227 519 286 veriti
539 226 653 303 sumus)
676 237 709 286 ut
729 244 882 302 possessor
902 225 988 300 agelli

138 309 257 369 Diceret
279 309 370 366 ‘haec
390 325 458 366 mea
478 318 547 365 sunt
557 325 567 379 ;
593 317 707 366 veteres
728 307 852 382 migrate
871 305 989 364 coloni!

140 391 228 449 Nunc
248 386 318 446 victi
339 386 444 458 tristes,
467 386 607 461 quoniam
631 388 704 445 Fors
725 385 826 444 omnia
845 396 949 455 versat,

138 472 206 528 Hos
226 467 268 527 illi
290 466 385 545 (quod
405 486 462 526 nec
484 476 576 525 vertat
597 464 687 543 bene)
710 465 853 525 mittimus
875 467 997 526 haedos.

177 551 212 608 L.
239 549 327 608 Certe
348 546 487 621 equidem
506 545 666 618 audieram,
686 565 745 622 qua
766 565 798 606 se
818 547 984 606 subducere
1004 547 1100 606 colles

141 627 291 704 Incipiunt
313 627 453 703 mollique
474 626 575 703 iugum
596 628 753 687 demittere
774 626 859 698 clivo,

139 712 243 785 Usque
264 709 304 766 ad
324 726 433 783 aquarn
454 717 483 766 et
505 717 617 766 veteres
638 707 697 765 iam
717 707 810 766 fracta
828 705 984 765 cacumina
1004 707 1091 784 sagos

138 787 248 867 Omnia
268 786 447 846 carminibus
467 797 596 846 vestrum
615 805 745 847 servasse
767 788 933 846 Menalcam
1104 807 1146 844 10

178 871 225 928 M.
249 866 410 928 Audieras:
438 876 468 926 et
488 869 568 925 fama
586 866 658 940 fuit3
686 867 738 927 sed
761 867 892 926 carmina
912 877 1028 925 tantum

139 951 247 1008 Nostra
267 949 374 1018 valent,
399 946 518 1024 Lycida,
542 948 601 1006 tela
621 946 698 1006 inter
719 946 835 1018 Martia,
857 957 1001 1023 quantum

139 1028 289 1090 Chaonias
311 1027 413 1088 dicunt
433 1027 532 1102 aquila
552 1027 690 1087 veniente
710 1028 874 1086 columbas.

139 1110 229 1184 Quod
250 1106 307 1167 nisi
327 1127 375 1166 me
395 1125 584 1183 quacumque
606 1125 698 1167 novas
719 1107 848 1167 incidere
870 1106 935 1167 lites

139 1192 217 1248 Ante
238 1187 353 1248 sinistra
373 1207 445 1247 cava
466 1187 631 1248 monuisset
651 1188 690 1246 ab
710 1186 776 1247 ilice
796 1186 907 1258 cornix,
1102 1204 1141 1264 15

140 1272 205 1328 Nec
225 1278 292 1327 tuus
313 1267 360 1326 hic
383 1265 493 1327 Moeris
515 1286 571 1327 nec
591 1267 700 1327 viveret
720 1267 783 1343 ipse
806 1270 966 1326 Menalcas.

178 1351 215 1410 L.
230 1350 310 1420 Heu,
323 1348 403 1408 cadit
415 1346 446 1406 in
461 1366 640 1424 quemquam
651 1357 765 1407 tantum
777 1350 892 1407 scelus?
905 1348 973 1421 heu,
985 1359 1035 1407 tua
1049 1346 1143 1407 nobis
1237 1371 1239 1378 ⁴

140 1433 238 1489 Paene
260 1428 347 1486 simul
368 1438 466 1488 tecum
487 1429 592 1488 solatia
613 1439 704 1503 rapta,
728 1429 889 1486 Menalca?

140 1508 213 1584 Quis
236 1519 356 1568 caneret
376 1508 552 1584 Nymphas?
579 1508 655 1582 Quis
678 1509 802 1567 humum
823 1507 994 1568 florentibus
1014 1507 1115 1566 herbis

139 1592 303 1666 Spargeret,
326 1599 377 1647 aut
398 1587 483 1647 viridi
505 1590 602 1647 fontes
623 1587 776 1648 induceret
797 1588 923 1648 umbra?
1100 1607 1141 1644 20

139 1672 196 1730 Vel
216 1688 293 1746 quae
311 1667 425 1744 sublegi
443 1668 549 1728 tacitus
566 1667 621 1729 tibi
641 1668 771 1727 carmina
792 1687 894 1743 nuper,

141 1753 217 1811 Cum
238 1759 267 1808 te
290 1750 329 1808 ad
350 1747 472 1808 delicias
495 1751 583 1807 ferres
602 1748 784 1824 Amaryllida
804 1761 935 1808 nostras:

143 1830 268 1906 ‘Tityre,
290 1831 362 1888 dum
383 1830 473 1887 redeo
495 1827 604 1908 (brevis
625 1840 670 1888 est
691 1827 751 1906 via)
772 1848 863 1905 pasce
884 1829 1021 1904 capellas,

141 1913 179 1969 Et
199 1920 304 1986 potum
325 1919 423 1985 pastas
445 1928 508 1984 age,
532 1908 642 1985 Tityre,
665 1919 696 1968 et
716 1908 792 1968 inter
813 1911 959 1985 agendum

140 1992 303 2051 Occursare
323 2008 413 2066 capro
435 1986 540 2068 (cornu
561 1987 711 2067 leritille)
734 1992 855 2049 caveto!
1098 2008 1112 2045 2
1118 2005 1134 2064 5

179 2073 226 2131 M.
256 2070 355 2129 Immo
374 2071 455 2140 haec,
476 2088 552 2145 quae
575 2071 654 2129 Varo
676 2070 805 2129 necdum
824 2071 953 2145 perfecta
975 2071 1122 2128 canebat:

142 2154 244 2222 ‘Vare,
267 2161 351 2210 tuum
372 2168 493 2222 nomen,
512 2162 630 2225 superet
651 2151 743 2210 modo
765 2151 891 2208 Mantua
910 2148 1007 2223 nobis,

142 2235 267 2290 Mantua
286 2249 341 2290 vae
363 2229 487 2289 miserae
508 2228 633 2288 nimium
654 2229 751 2288 vicina
773 2231 947 2302 Cremonae,

142 2314 303 2372 Cantantes
324 2309 450 2369 sublime
470 2311 565 2368 ferent
585 2310 625 2369 ad
646 2309 742 2369 sidera
761 2309 865 2384 cycni!

180 2393 216 2450 L.
245 2390 294 2449 Sic
315 2401 366 2449 tua
387 2391 517 2467 Cyrneas
538 2388 651 2466 fugiant
672 2389 808 2449 examina
828 2400 920 2460 taxos,
1097 2409 1135 2465 30

141 2470 189 2531 Sic
209 2471 302 2546 cytiso
323 2480 426 2546 pastae
446 2469 617 2529 distendant
637 2471 729 2529 ubera
750 2489 875 2530 vaccae:

142 2553 255 2628 Incipe,
278 2551 301 2608 si
324 2548 398 2626 quid
420 2550 526 2608 babes.
564 2552 603 2609 Et
624 2568 672 2609 me
694 2550 790 2609 fecere
811 2561 933 2624 poetam

142 2629 280 2702 Pierides,
302 2639 371 2688 sunt
393 2640 423 2689 et
445 2628 518 2688 mihi
539 2629 677 2702 carmina,
700 2649 749 2710 me
769 2648 888 2705 quoque
909 2629 1013 2689 dicunt

140 2713 249 2770 Vatem
271 2720 422 2786 pastores,
451 2711 587 2769 sednon
609 2729 664 2786 ego
685 2709 821 2768 credulus
843 2709 908 2768 illis.

142 2793 221 2850 Nam
242 2809 340 2866 neque
361 2791 459 2850 adhuc
480 2788 571 2850 Vario
592 2789 695 2848 videor
715 2808 771 2849 nec
791 2788 890 2849 dicere
910 2788 1007 2849 Cinna
1097 2807 1131 2867 35

142 2870 249 2948 Digna,
270 2871 324 2930 sed
344 2882 463 2946 argutos
485 2868 562 2929 inter
582 2878 712 2945 strepere
733 2888 819 2929 anser
840 2871 944 2928 olores.

181 2953 227 3010 M
253 2950 291 3009 Id
305 2949 427 3026 quidem
441 2969 497 3026 ago
512 2960 541 3009 et
554 2949 669 3021 tacituS,
686 2948 805 3025 Lycida,
816 2968 934 3009 mecum
948 2948 1011 3024 ipse
1024 2949 1131 3021 volut0,

142 3031 172 3092 Si
192 3033 306 3089 valeam
329 3029 498 3089 meminisse
507 3048 516 3100 3
543 3047 641 3104 neque
662 3039 705 3089 est
726 3027 856 3106 ignobile
877 3048 1002 3089 carmen.

144 3111 235 3168 ‘Huc
255 3110 336 3173 ades,
359 3127 378 3167 o
400 3109 541 3180 Galatea3
568 3108 633 3183 quis
654 3119 699 3167 est
719 3127 789 3166 nam
809 3109 898 3167 ludus
918 3107 949 3166 in
970 3106 1080 3167 undis?

144 3188 206 3248 Hic
226 3207 276 3246 ver
296 3205 481 3262 purpureum,
500 3185 596 3244 varios
618 3186 666 3244 hic
686 3187 809 3245 flumina
828 3187 937 3246 circum
1095 3206 1131 3258 40

144 3265 255 3324 Fundit
275 3265 382 3322 humus
404 3265 498 3336 flores,
520 3263 570 3322 hic
590 3265 719 3323 candida
741 3266 869 3340 populus
891 3277 977 3324 antro

146 3343 294 3414 Imminet,
317 3360 354 3400 en
374 3343 471 3401 lentae
491 3352 595 3400 texunt
614 3345 786 3402 umbracula
805 3343 897 3402 vites:
