2494 3702
156 71 213 128 160
416 71 451 130 P.
483 68 674 129 VERGILI
694 68 908 128 MARONIS

156 197 239 259 Hinc
259 201 403 277 populum
425 202 483 259 late
504 219 601 278 regem
624 202 763 274 belloque
784 201 944 276 superbum

154 283 319 340 Venturum
341 279 457 340 excidio
479 280 608 358 Libyae:
630 280 672 341 sic
690 281 807 340 volvere
830 282 945 340 Parcas.

156 362 194 420 Id
214 371 348 422 metuens
369 361 535 437 veterisque
556 380 670 421 memor
690 360 828 421 Saturnia
848 361 927 432 belli,

156 439 254 500 Prima
273 441 355 517 quod
376 442 415 500 ad
435 441 557 501 Troiam
577 460 632 517 pro
652 440 726 500 caris
747 451 877 517 gesserat
897 438 982 518 Argis
994 463 1044 499 :-

155 522 293 582 Necdum
315 521 403 581 etiam
426 540 532 581 causae
552 520 659 580 iramm
680 521 821 597 saevique
841 521 958 581 dolores
1121 540 1156 602 ²5

155 599 334 661 Exciderant
353 601 472 674 animo;
499 613 599 662 manet
619 602 679 661 alta
699 613 800 662 mente
819 613 970 678 repostum

157 681 304 741 Iudicium
326 681 438 741 Paridis
459 692 633 759 spretaeque
653 680 759 741 iniuria
779 684 899 752 formae,

155 763 195 820 Et
214 780 307 838 genus
328 761 463 834 invisum,
485 773 515 821 et
535 761 611 838 rapti
632 762 814 840 Ganymedis
834 763 961 822 honores
973 783 1021 819 :-

156 840 214 900 His
234 861 360 901 accensa
380 861 468 919 super
487 841 612 902 iactatos
632 861 762 918 aequore
782 853 846 903 toto

154 924 257 995 Troas,
278 921 415 997 reliquias
437 925 576 982 Danaum
597 934 688 998 atque
707 921 829 982 immitis
849 921 967 999 Achilli,

154 1004 284 1062 Arcebat
304 1003 394 1078 longe
414 1002 509 1074 Latio,
531 1004 702 1079 multosque
722 1022 776 1079 per
795 1021 890 1062 annos

156 1082 299 1141 Errabant
320 1083 464 1142 actitatis
485 1082 578 1141 maria
597 1082 699 1142 omnia
719 1081 836 1142 circum.

154 1164 269 1221 Tantae
290 1163 376 1223 molis
397 1173 457 1222 erat
481 1165 650 1223 Romanam
671 1164 801 1223 condere
820 1174 949 1239 gentem

195 1243 254 1301 Vix
274 1262 291 1302 e
312 1254 474 1319 conspectu
494 1242 610 1304 Siculae
631 1243 742 1303 telluris
763 1243 794 1301 in
814 1245 905 1302 altum

155 1324 231 1382 Vela
251 1323 362 1382 dabant
382 1322 451 1382 laeti
473 1333 503 1382 et
521 1343 642 1400 spumas
663 1323 731 1383 salis
752 1343 819 1383 aere
839 1323 973 1395 ruebant,

156 1404 233 1462 Cum
255 1406 332 1463 Iuno
352 1413 504 1462 aeternum
526 1423 644 1462 servans
665 1405 720 1463 sub
745 1415 864 1480 pectore
884 1404 990 1462 volnus

157 1485 243 1544 Haec
263 1502 380 1544 secum:
410 1485 519 1543 ‘Mene
539 1483 661 1561 incepto
681 1484 823 1543 desistere
843 1483 959 1556 victam,

157 1565 240 1623 ‘Nec
259 1582 347 1641 posse
368 1563 455 1624 Italia
475 1566 658 1624 Teucrorum
679 1575 809 1624 avertere
828 1568 950 1641 regem?

158 1643 294 1721 ‘Quippe
314 1656 397 1704 vetor
419 1644 494 1703 satis.
538 1645 674 1704 Pallasne
695 1664 815 1704 exurere
836 1646 960 1704 classem

158 1725 314 1801 ‘Argivom
336 1735 426 1801 atque
445 1724 525 1801 ipsos
546 1725 643 1801 potuit
664 1727 850 1802 submergere
870 1735 965 1801 ponto

157 1804 274 1864 ‘Unius
295 1806 336 1864 ob
357 1824 466 1865 noxam
486 1815 516 1865 et
536 1804 625 1864 furias
645 1803 745 1864 Aiacis
766 1805 848 1866 Oili?

158 1886 254 1960 ‘lpsa,
276 1884 355 1944 lovis
375 1885 510 1960 rapidum
530 1884 658 1946 iaculata
678 1904 695 1944 e
715 1884 845 1945 nubibus
864 1884 972 1962 ignem,

156 1964 356 2041 ‘Disiecitque
376 1976 453 2025 rates
473 1964 636 2041 evertitque
656 1984 784 2041 aequora
804 1966 907 2038 ventis,

157 2046 261 2105 ‘lllum
282 2045 464 2122 expirantem
485 2047 623 2105 transfixo
647 2056 768 2121 pectore
787 2046 921 2105 flammas

156 2126 303 2186 ‘Turbine
325 2124 464 2201 corripuit
485 2127 670 2203 scopuloque
694 2125 787 2185 infixit
809 2137 918 2200 acuto;

150 2210 227 2281 ‘Ast
248 2225 312 2282 ego,
335 2225 411 2282 quae
432 2208 533 2266 divom
553 2205 661 2266 incedo
685 2206 794 2282 regina,
817 2205 959 2282 Iovisque

155 2287 211 2344 ‘Et
232 2304 313 2345 soror
333 2297 363 2346 et
383 2285 521 2355 coniunx,
544 2305 692 2346 unacum
712 2298 801 2362 gente
822 2297 866 2346 tot
887 2305 982 2346 annos

156 2366 256 2424 ‘Bella
274 2384 352 2442 gero.
396 2368 435 2426 Et
455 2366 613 2442 quisquam
638 2385 748 2426 numen
774 2366 897 2427 lunonis
917 2367 1044 2427 adorat.

156 2446 333 2518 ‘Praeterea
355 2456 406 2506 aut
426 2448 550 2522 supplex
570 2446 626 2506 aris
646 2446 780 2522 imponet
800 2448 977 2507 honoreml'

192 2525 279 2585 Talia
298 2526 450 2586 flammato
469 2546 571 2586 secum
593 2528 650 2587 dea
671 2528 760 2588 corde
781 2529 916 2587 volutans

154 2603 330 2666 Nimborum
350 2605 382 2665 in
403 2607 535 2683 patriam,
556 2609 623 2675 loca
642 2609 702 2667 feta
719 2608 883 2668 furentibus
903 2607 1026 2682 Austris,

153 2685 287 2746 Aeoliam
308 2686 397 2746 venit.
441 2687 502 2746 Hic
522 2698 605 2748 vasto
625 2707 678 2747 rex
698 2690 810 2747 Aeolus
829 2698 916 2748 antro

153 2768 313 2826 Luctantes
333 2778 437 2828 ventos
456 2778 706 2843 tempestatesque
726 2787 848 2828 sonoras

154 2846 283 2922 Imperio
304 2847 419 2923 premit,
440 2868 476 2908 ac
499 2847 602 2907 vinclis
623 2859 652 2908 et
673 2866 789 2908 carcere
808 2849 910 2908 frenat.

152 2927 201 2985 Illi
221 2926 409 3005 indignantes
429 2947 538 3005 magno
558 2947 629 2988 cum
652 2946 800 2988 murmure
820 2927 930 2988 montis
1108 2949 1145 3008 55
1223 2968 1224 3008 3

153 3006 273 3066 Circum
297 3009 424 3067 claustra
443 3009 588 3082 fremunt3
615 3009 694 3068 celsa
718 3009 803 3068 sedet
823 3009 934 3068 Aeolus
958 3027 1026 3070 arce
1223 3023 1224 3028 ’

152 3087 274 3159 Sceptra
294 3095 408 3156 tenens,
429 3087 583 3162 mollitque
606 3086 722 3146 animos
743 3097 773 3147 et
793 3098 938 3163 temperat
958 3088 1032 3150 iras:

153 3163 192 3219 Ni
213 3162 309 3231 faciat,
331 3162 422 3220 maria
442 3181 478 3220 ac
498 3174 588 3223 terras
608 3167 782 3241 caelumque
805 3167 984 3242 profundum

152 3239 272 3315 Quippe
293 3242 387 3298 lerant
407 3240 502 3314 rapidi
523 3260 623 3302 secum
643 3257 818 3320 verrantque
837 3265 890 3322 per
910 3267 1012 3311 auras:

153 3318 212 3376 Sed
234 3319 320 3375 Pater
340 3316 529 3393 omnipotens
550 3321 696 3395 speluncis
717 3323 832 3382 abdidit
851 3324 920 3384 atris
1107 3333 1144 3390 60
1222 3361 1223 3392 2
