2462 3678
152 85 209 160 328
404 84 441 141 P.
472 83 659 142 VERGILI
672 82 885 142 MARONIS

151 215 260 272 ‘Mens
282 212 372 288 agitat
393 212 474 286 mihi,
496 232 552 272 nec
572 213 691 289 placida
709 223 852 272 contenta
872 213 978 290 quiete
999 223 1057 274 est

152 292 281 360 ‘Cernis
302 311 378 369 quae
400 294 527 352 Rutulos
548 293 656 352 habeat
676 292 784 352 fidncia
803 312 909 353 rerum.

152 372 296 433 ‘Lumina
314 391 379 432 rara
399 373 528 445 micant;
555 391 661 432 somno
682 372 811 449 vinoque
832 373 922 432 soluti

152 453 374 525 ‘Procubuere;
401 451 488 510 silent
508 454 567 511 late
586 453 670 527 loca,
699 452 818 529 percipe
839 471 938 544 porro,
1099 474 1150 528 190

154 531 252 608 ‘Quid
273 531 409 623 dubitem
429 541 460 591 et
480 551 557 608 quae
578 551 657 591 nunc
677 532 789 591 animo
798 533 948 592 sententia
969 545 1081 610 surgat

153 615 293 672 ‘Aenean
313 609 401 670 acciri
422 630 534 686 omnes,
557 614 744 688 populusque
765 623 931 688 patresque,

153 694 350 768 ‘Exposcunt,
372 690 508 767 mittique
528 691 614 763 viros,
636 692 687 767 qui
707 702 787 750 oerta
806 703 966 768 reportent.

153 770 200 831 ‘Si
221 769 274 830 tibi
294 789 370 847 quae
390 789 483 847 posco
504 771 678 848 promittunt
700 771 781 847 (nam
803 771 874 830 mihi
895 772 967 831 facti

154 853 264 910 ‘Fama
284 860 329 910 sat
349 849 415 930 est),
437 853 551 910 tumulo
570 850 673 911 videor
692 851 818 927 reperire
838 854 893 911 sub
914 852 968 911 illo
1096 869 1146 926 195

155 932 263 990 ‘Posse
282 929 360 990 viam
380 932 420 990 ad
440 949 538 989 muros
558 942 588 990 et
608 929 726 990 moenia
748 933 917 991 Pallantea'

154 1009 307 1085 Obstipuit
328 1029 436 1086 magno
457 1011 579 1069 laudum
600 1029 756 1086 percussus
776 1030 876 1070 amore

154 1091 314 1166 Euryalus;
342 1089 429 1148 simul
449 1090 507 1152 his
516 1091 669 1149 ardentem
690 1091 806 1150 adfatur
825 1091 976 1151 amicum:

156 1171 266 1228 ‘Mene
286 1169 371 1245 igitur
391 1169 505 1228 socium
525 1169 648 1228 summis
668 1169 827 1246 adiungere
847 1174 943 1242 rebus,

156 1249 255 1321 ‘Nise,
266 1249 372 1340 fugis?
399 1251 495 1308 solum
516 1260 546 1308 te
566 1250 597 1308 in
618 1260 700 1308 tanta
720 1250 848 1326 pericula
867 1251 1007 1310 mittam?
1091 1269 1143 1306 200

157 1329 243 1388 ‘Non
264 1327 305 1387 ita
324 1347 373 1388 me
393 1329 515 1406 genitor,
537 1329 622 1389 bellis
642 1331 781 1390 adsuetus
803 1331 957 1406 Opheltes,

156 1407 342 1485 ‘Argolicum
362 1419 500 1468 terrorem
521 1408 597 1468 inter
616 1410 782 1486 Troiaeque
803 1412 917 1470 labores

157 1489 327 1547 ‘Sublatum
348 1488 473 1563 erudiit3
500 1508 556 1548 nec
576 1500 675 1548 tecum
695 1490 765 1548 talia
785 1489 868 1567 gessi,

157 1567 399 1644 ‘Magnanimum
420 1572 542 1627 Aenean
565 1580 594 1628 et
614 1571 674 1628 iata
693 1580 824 1629 extrema
843 1581 979 1629 secutus:

158 1649 227 1706 ‘Est
247 1647 305 1719 hic,
327 1660 371 1706 est
391 1648 507 1716 animus
528 1649 601 1708 lucis
622 1661 818 1726 contemptor,
839 1660 869 1711 et
888 1650 978 1709 istum
1090 1667 1140 1724 ²05

158 1727 236 1801 ‘Qui
255 1726 315 1785 vita
335 1727 412 1787 bene
432 1729 533 1787 credat
553 1729 620 1803 emi,
643 1748 702 1805 quo
723 1729 828 1802 tendis,
851 1731 1014 1790 honorem!

157 1807 247 1866 Nisus
267 1807 306 1866 ad
326 1809 417 1868 haec:
451 1808 617 1884 ‘Equidem
638 1810 677 1869 de
698 1819 726 1869 te
747 1809 788 1868 nil
809 1812 867 1870 tale
887 1811 1018 1882 verebar,

158 1889 240 1947 ‘Nec
259 1889 311 1958 fas,
333 1906 412 1960 non3
439 1887 481 1946 ita
501 1907 550 1948 me
569 1891 674 1948 referat
695 1888 748 1949 tibi
769 1909 896 1982 magnus
913 1900 1055 1949 ovantem

159 1965 308 2044 ‘Iuppiter
327 1977 378 2026 aut
398 1967 579 2044 quicumque
600 1969 692 2028 oculis
713 1971 787 2028 haec
807 1969 911 2047 aspicit
931 1969 1043 2046 aequis

158 2046 276 2107 ‘Sed
254 2067 279 2106 s1
299 2047 373 2138 quis,
395 2066 472 2123 quae
492 2050 585 2106 multa
604 2048 687 2108 vides
707 2049 875 2110 discrimine
895 2050 956 2124 tali,
1091 2069 1141 2106 210

158 2126 205 2186 ‘Si
225 2126 291 2201 quis
311 2127 342 2185 in
362 2128 518 2187 adversum
538 2128 631 2205 rapiat
651 2148 774 2188 casusve
794 2131 911 2202 deusve,
1204 2125 1205 2130 ’

158 2208 220 2265 ‘Te
241 2225 392 2297 superesse
413 2207 518 2280 velim,
546 2219 596 2267 tua
615 2207 676 2268 vita
694 2208 811 2300 dignior
830 2221 918 2269 aetas.

159 2285 218 2345 ‘Sit
239 2285 289 2361 qui
309 2305 359 2345 me
378 2297 494 2362 raptum
516 2307 616 2364 pugna
636 2288 766 2379 pretiove
786 2290 972 2366 redemptum

159 2366 301 2425 ‘Mandet
321 2366 421 2437 humo,
444 2367 529 2426 solita
549 2379 599 2427 aut
620 2369 644 2427 si
665 2388 724 2444 qua
744 2368 776 2429 id
795 2371 927 2429 Fortuna
946 2369 1070 2443 vetabit,

158 2444 299 2504 ‘Absenti
319 2446 392 2504 serat
412 2411 529 2506 inferias
549 2447 729 2524 decoretque
750 2451 913 2525 sepulchro.
1090 2467 1136 2525 ²15

158 2527 243 2585 ‘Neu
264 2526 350 2585 matri
370 2525 493 2585 miserae
514 2526 588 2586 tanti
608 2527 664 2585 sim
685 2549 773 2588 causa
792 2527 911 2603 doloris,

158 2606 261 2680 ‘Quae
281 2615 311 2664 te
332 2606 402 2676 sola,
425 2624 506 2680 puer,
529 2607 628 2666 multis
649 2627 665 2666 e
686 2609 828 2668 matribus
849 2628 920 2668 ausa

158 2684 366 2762 ‘Persequitur‚
387 2684 486 2761 magni
507 2704 563 2745 nec
582 2687 701 2746 moenia
721 2700 802 2748 curat
821 2689 966 2748 Acestae!

157 2768 214 2826 Ille
233 2776 332 2826 autem
355 2768 484 2826 ‘Causas
504 2765 683 2842 nequiquam
705 2768 797 2827 nectis
818 2767 929 2841 inanes,
1119 2821 1122 2834 ,

159 2848 240 2906 ‘Nec
259 2865 326 2907 mea
345 2844 405 2904 iam
425 2856 538 2904 mutata
557 2847 626 2906 loco
645 2848 791 2907 sententia
810 2847 905 2908 cedit:
1089 2869 1136 2906 220

158 2927 401 2985 ‘Adceleremus'
422 2925 469 2984 ait.
512 2925 623 3001 Vigiles
644 2927 731 2986 simul
751 2927 877 3002 excitat;
904 2925 946 2986 illi

157 3005 325 3064 Succedunt
345 3016 521 3081 servantque
540 3007 637 3066 vices:
665 3006 791 3066 statione
811 3007 912 3068 relicta

157 3087 226 3160 Ipse
247 3103 347 3143 comes
369 3084 443 3143 Niso
463 3084 600 3160 graditur,
621 3105 780 3162 regemque
799 3085 957 3163 requirunt.

197 3165 303 3225 Cetera
322 3181 375 3238 per
395 3175 485 3222 terras
506 3183 610 3224 omnes
630 3165 769 3224 animalia
790 3185 895 3226 somno

157 3243 309 3302 Laxabant
329 3261 412 3298 curas
434 3252 462 3299 et
482 3244 573 3299 corda
594 3244 685 3302 oblita
705 3246 839 3304 laborum
848 3267 857 3318 ;
1085 3267 1130 3326 2²5

158 3323 304 3378 Ductores
324 3321 470 3375 Teucrum
491 3319 586 3390 primi,
608 3323 724 3381 delecta
744 3323 888 3398 iuventus,
