2460 3686
139 108 196 167 254
384 94 420 151 P.
458 93 649 154 VERGILI
672 94 884 153 MARONIS

136 217 312 296 Respiciunt
336 229 429 278 atram
451 219 482 278 in
503 219 607 280 nimbo
631 220 752 280 volitare
774 219 913 280 favillam

135 300 251 359 Primus
273 309 303 359 et
324 299 478 373 Ascanius,
504 319 606 359 cursus
629 311 663 360 ut
686 302 781 360 laetus
806 312 960 378 equestres

137 380 283 452 Ducebat,
306 379 349 439 sic
371 399 438 440 acer
463 399 541 457 equo
562 382 681 441 turbata
702 381 807 457 petivit

136 461 248 534 Castra,
274 479 330 520 nec
352 461 501 520 exanimes
523 473 648 538 possunt
668 461 794 521 retinere
815 459 955 538 magistri.

137 540 230 615 ‘Quis
243 542 322 600 furor
336 540 390 600 iste
405 543 518 601 novus?
537 561 598 618 quo
612 561 700 613 nunc,
716 561 777 619 quo
791 543 927 613 tenditis,’
943 541 1054 618 inquit,
1076 549 1129 616 670

93 672 95 680 s
137 623 225 680 ‘Heu
250 621 374 681 miserae
398 620 498 682 cives?
526 641 589 681 non
610 623 727 682 hostem
750 621 929 698 inimicaque
952 635 1053 682 castra

137 701 302 779 ‘Argivom
326 713 435 761 vestras
457 721 524 778 spes
546 702 635 761 uritis.
680 705 736 773 En,
760 721 816 779 ego
840 713 935 762 vester

137 783 328 842 ‘Ascaniusl’
356 784 468 859 galeam
493 793 563 842 ante
586 783 680 859 pedes
700 781 824 859 proiecit
845 781 977 854 inanem,

135 863 205 937 Qua
228 864 299 922 ludo
324 861 445 922 indutus
466 862 537 922 belli
560 863 715 922 simulacra
736 862 842 922 ciebat.
1205 861 1206 926 l

135 943 293 1003 Adcelerat
317 943 405 1002 simul
426 945 553 1016 Aeneas,
579 944 667 1002 simul
687 943 806 1020 agmina
828 946 988 1004 Teucrum.
1078 949 1128 1021 675
1205 949 1206 1044 l

135 1026 190 1082 Ast
212 1023 278 1083 illae
303 1023 417 1082 diversa
437 1035 518 1083 metu
540 1043 594 1100 per
617 1023 702 1084 litora
723 1025 833 1100 passim
1205 1051 1206 1118 5

136 1103 311 1181 Diffugiunt,
335 1103 480 1179 silvasque
505 1115 534 1164 et
559 1103 653 1164 sicubi
677 1123 810 1164 concava
830 1103 931 1163 furtim

135 1186 212 1244 Saxa
233 1193 356 1262 petunt:
384 1185 464 1262 piget
488 1185 598 1262 incepti
620 1183 760 1260 lucisque,
786 1203 914 1261 suosque

137 1267 272 1324 Mutatae
295 1267 489 1342 adgnoscunt,
514 1284 694 1340 excussaque
717 1277 837 1341 pectore
862 1266 939 1324 Iuno
963 1276 1019 1326 est
1205 1261 1206 1268 '

136 1346 196 1405 Sed
218 1365 280 1404 non
304 1345 415 1405 idcirco
439 1347 576 1405 flammae
597 1355 686 1421 atque
710 1345 848 1405 incendia
871 1344 946 1404 vires
1077 1349 1131 1406 680

136 1424 303 1485 Indomitas
327 1445 470 1503 posuere:
498 1427 558 1486 udo
581 1427 637 1485 sub
657 1425 762 1485 robore
783 1425 854 1484 vivit

135 1508 248 1583 Stuppa
267 1525 392 1567 vomens
413 1507 529 1566 tardum
550 1509 672 1579 fumum,
695 1507 852 1582 lentusque
873 1504 989 1566 carinas

136 1589 190 1647 Est
210 1606 310 1663 vapor,
332 1597 361 1647 et
381 1597 445 1646 toto
466 1587 620 1646 descendit
639 1605 764 1662 corpore
784 1586 875 1662 pestis
885 1607 894 1659 3

135 1669 202 1728 Nec
226 1667 301 1727 vires
320 1669 443 1726 heroum
464 1667 623 1744 infusaque
639 1666 761 1736 flumina
780 1677 911 1743 prosunt

135 1751 214 1807 Tum
234 1747 301 1824 pius
321 1751 438 1807 Aeneas
459 1747 587 1806 humeris
608 1747 782 1807 abscindere
803 1759 923 1818 vestem,
1074 1753 1130 1825 685

133 1828 313 1904 Auxilioque
333 1846 440 1888 vocare
460 1830 543 1899 deos,
564 1839 595 1888 et
614 1829 736 1888 tendere
757 1828 889 1904 palmas:

136 1909 290 1985 ‘Iuppiter
310 1908 508 1985 omnipotens
534 1908 559 1968 si
579 1909 713 1968 nondum
734 1927 839 1968 exosus
860 1909 899 1967 ad
918 1927 1015 1967 unum

136 1991 307 2062 ‘Troianos
328 1989 353 2048 si
373 1988 445 2064 quid
466 1989 559 2066 pietas
579 1989 701 2064 antiqua
720 1990 836 2049 labores

135 2070 288 2146 ‘Respicit
308 2071 464 2143 humanos,
486 2071 525 2130 da
544 2071 694 2128 flammam
716 2071 840 2129 evadere
860 2068 945 2128 classi

136 2153 250 2223 ‘Nunc,
273 2154 368 2221 Pater,
390 2161 420 2209 et
440 2160 543 2209 tenues
564 2152 713 2209 Teucrum
733 2170 780 2210 res
800 2149 879 2225 eripe
900 2151 969 2209 leto.
1072 2154 1131 2226 690

135 2233 209 2290 ‘Vel
230 2241 271 2302 tu,
293 2231 374 2308 quod
395 2241 536 2307 superest,
558 2229 665 2289 infesto
685 2230 808 2290 fulmine
828 2228 924 2301 morti,

134 2311 182 2372 ‘Si
202 2330 325 2382 mereor,
348 2311 478 2383 demitte,
500 2323 609 2387 tuaque
629 2309 679 2370 hic
699 2313 791 2371 obrue
812 2311 932 2370 dextra?

133 2391 192 2450 Vix
211 2393 287 2450 haec
306 2390 446 2465 ediderat,
468 2411 536 2450 cum
558 2391 655 2450 effusis
675 2391 818 2451 imbribus
839 2402 902 2450 atra

132 2474 309 2549 Tempestas
330 2471 393 2532 sine
414 2491 496 2532 more
516 2471 592 2546 furit,
614 2471 783 2548 tonitruque
803 2481 985 2530 tremescunt

132 2555 234 2614 Ardua
253 2562 395 2612 terrarum
415 2563 445 2612 et
465 2552 583 2628 campi3
609 2551 667 2611 ruit
686 2554 805 2612 aethere
826 2562 890 2612 toto
1069 2555 1127 2630 695

131 2635 283 2694 Turbidus
303 2633 397 2693 imber
417 2652 494 2709 aqua
515 2632 674 2710 densisque
693 2631 865 2708 nigerrimus
885 2630 1007 2706 austris3

132 2716 358 2790 Implenturque
378 2733 466 2790 super
485 2731 601 2790 puppes
611 2736 619 2788 3
648 2713 790 2772 semiusta
808 2714 985 2772 madescunt

132 2797 272 2869 Robora,
299 2795 454 2854 restinctus
476 2795 573 2853 donec
593 2812 685 2870 vapor
705 2793 809 2865 omnis,
831 2803 862 2852 et
882 2811 995 2865 omnes,

132 2877 280 2950 Quattuor
298 2873 421 2946 amissis
443 2883 575 2934 servatae
595 2894 613 2932 a
633 2883 717 2950 peste
736 2872 862 2933 carinae.

169 2958 210 3015 At
230 2964 314 3032 pater
333 2958 459 3026 Aeneas,
481 2973 552 3013 casu
573 2973 732 3014 concussus
752 2954 869 3026 acerbo,
1070 2966 1128 3028 700

132 3036 223 3099 Nunc
243 3036 303 3093 huc
322 3034 456 3111 ingentes
477 3053 557 3094 nunc
578 3033 648 3092 illuc
668 3043 788 3110 pectore
810 3053 894 3093 curas

132 3116 269 3174 Mutabat
288 3133 415 3186 versans,
437 3113 580 3174 Siculisne
599 3113 740 3173 resideret
759 3113 844 3186 arvis,

131 3193 248 3256 Oblitus
269 3196 404 3264 fatorum,
427 3195 557 3253 Italasne
578 3202 745 3268 capesseret
765 3211 841 3252 oras.
919 3237 927 3242 -

129 3277 209 3332 Tum
230 3272 328 3331 senior
348 3274 469 3340 Nautes
492 3290 584 3330 uuum
605 3271 740 3330 Tritonia
760 3274 857 3331 Pallas

132 3353 229 3424 Quem
250 3349 360 3420 docuit,
383 3351 532 3422 multaque
554 3348 699 3424 insignem
720 3351 850 3410 reddidit
869 3361 941 3424 arte,
1068 3369 1123 3431 705
