2462 3678
145 39 201 112 296
401 33 438 90 P.
470 31 658 91 VERGILI
678 31 889 91 MARONIS

142 159 231 220 Silvia
251 159 346 237 prima
367 180 455 233 soror,
478 159 585 237 palmis
605 180 745 237 percussa
765 162 898 230 lacertos,

141 241 290 301 Auxilium
310 253 405 313 vocat,
428 253 458 300 et
480 243 568 301 duros
590 243 757 300 conclamat
778 255 911 318 agrestes.
988 301 993 308 ,

142 322 202 382 Olli
224 321 328 402 (pestis
349 322 428 381 enim
450 321 545 381 tacitis
566 323 638 381 latet
658 341 763 398 aspera
784 321 873 400 silvis)

143 401 291 479 Inprovisi
310 403 426 469 adsunt,
448 401 497 461 hic
518 414 595 462 torre
616 414 745 461 armatus
767 404 883 473 obusto,

141 481 253 560 Stipitis
274 481 322 542 hic
342 482 453 558 gravidi
474 483 578 543 nodis:
599 482 681 556 quod
702 483 809 557 cuique
829 493 983 559 repertum

127 563 284 634 ,Rimanti
307 566 398 622 telum
419 563 460 622 ira
482 563 559 622 facit.
601 565 699 622 Vocat
720 565 838 638 agmina
860 565 1030 640 Tyrrheus‚

142 644 346 718 Quadrifidam
367 663 508 719 quercum
530 642 631 702 cuneis
653 654 686 702 ut
706 645 781 702 sorte
802 645 912 703 coactis

141 723 311 797 Scindebat,
334 735 417 800 rapta
438 723 551 800 spirans
572 724 702 783 immane
723 723 824 783 securi
1102 744 1161 802 510

139 807 181 864 At
201 823 289 864 saeva
310 823 326 863 e
347 804 474 880 speculis
496 816 613 880 tempus
634 805 692 863 dea
712 816 800 863 nacta
820 804 952 863 nocendi

139 885 243 943 Ardua
263 895 342 944 tecta
362 884 435 961 petit
456 884 572 958 stabuli,
595 885 684 944 etde
705 884 834 944 culmine
855 904 977 944 summo

142 966 292 1024 Pastorale
312 964 392 1023 canit
413 964 540 1041 signum,
563 984 715 1040 cornuque
735 983 857 1024 recurvo

140 1045 311 1104 Tartaream
331 1044 459 1104 intendit
478 1063 602 1104 vocem:
625 1063 684 1120 qua
703 1044 837 1120 protinus
858 1064 949 1103 omne

141 1123 328 1185 Contremuit
348 1144 460 1196 nemus,
483 1137 513 1185 et
534 1125 623 1184 silvae
643 1124 801 1184 insonuere
821 1125 996 1200 profundae
1099 1146 1157 1205 515

140 1205 242 1264 Audiit
263 1216 292 1264 et
311 1204 428 1264 Triviae
450 1207 538 1282 longe
559 1207 661 1277 lacus;
688 1204 780 1263 audiit
800 1203 895 1264 amnis

140 1286 271 1345 Sulsurea
292 1288 354 1345 Nar
374 1286 459 1344 albus
479 1305 565 1362 aqua,
587 1287 743 1361 fontesque
762 1284 879 1359 Velini;

141 1366 180 1424 Et
200 1365 332 1442 trepidae
353 1376 461 1424 matres
482 1385 614 1442 pressere
633 1367 673 1425 ad
694 1377 815 1441 pectora
836 1376 931 1424 natos.

139 1445 219 1504 Tum
240 1465 310 1505 vero
330 1448 369 1506 ad
389 1465 493 1505 vocem
515 1448 632 1518 celeres,
656 1465 713 1522 qua
733 1444 859 1504 buccina
879 1445 1000 1523 signum

140 1525 213 1584 Dira
233 1525 324 1598 dedit,
346 1525 436 1602 raptis
457 1537 635 1586 concurrunt
655 1525 789 1602 undique
810 1525 873 1584 telis
1095 1549 1154 1606 5²0

140 1605 284 1666 Indomiti
304 1605 465 1683 agricolae:
487 1626 543 1666 nec
564 1626 625 1666 non
646 1617 675 1666 et
696 1606 786 1665 Troia
805 1609 898 1681 pubes

141 1687 272 1746 Ascanio
293 1686 434 1745 auxilium
455 1685 557 1746 castris
577 1685 702 1745 effundit
722 1685 837 1762 apertis.

139 1767 280 1827 Direxere
300 1767 387 1826 acies.
431 1771 502 1826 Non
523 1766 581 1825 iam
603 1765 763 1826 certamine
784 1765 895 1842 agresti,

139 1846 292 1921 Stipitibus
313 1847 392 1906 duris
413 1847 507 1924 agitur
527 1847 687 1905 sudibusve
707 1845 849 1922 praeustis
858 1869 867 1920 3

138 1927 196 1986 Sed
218 1928 293 1987 ferro
314 1927 435 2004 ancipiti
456 1929 626 1999 decernunt,
650 1936 770 2001 atraque
791 1927 850 1985 late

139 2007 294 2066 Horrescit
314 2007 419 2066 strictis
440 2026 522 2083 seges
544 2006 671 2078 ensibus
693 2024 820 2081 aeraque
840 2006 953 2081 fulgent

138 2089 206 2147 Sole
227 2087 369 2161 lacessita,
392 2099 422 2147 et
441 2089 539 2146 lucem
560 2089 615 2146 sub
637 2086 739 2145 nubila
758 2085 886 2145 iactant:

139 2169 259 2228 Fluctus
281 2169 323 2227 uti
344 2168 440 2244 primo
460 2166 558 2244 coepit
579 2186 649 2226 cum
669 2169 817 2225 albescere
839 2177 937 2238 vento,
1037 2225 1058 2245 n

139 2248 283 2307 Paulatim
305 2267 370 2308 sese
390 2248 466 2308 tollit
487 2266 575 2320 mare,
598 2258 628 2306 et
649 2246 735 2304 altius
755 2247 852 2304 undas

137 2327 238 2404 Erigit,
260 2328 330 2387 inde
350 2328 411 2387 imo
432 2327 581 2404 consurgit
601 2327 638 2386 ad
661 2327 779 2386 aethera
799 2326 900 2386 fundo.

138 2408 200 2466 Hic
220 2408 334 2467 iuvenis
355 2408 480 2484 primam
501 2418 569 2466 ante
591 2407 685 2466 aciem
706 2406 848 2466 stridente
869 2405 984 2484 sagitta,

138 2491 283 2547 Natorum
304 2488 427 2564 Tyrrhei
446 2490 539 2548 suerat
560 2487 611 2563 qui
632 2486 784 2558 maximus,
806 2488 896 2546 Almo

137 2569 280 2628 Sternitur
290 2590 298 2641 3
319 2569 413 2627 haesit
433 2568 511 2626 enim
533 2569 588 2627 sub
608 2579 724 2644 gutture
744 2568 857 2638 volnus,
880 2578 909 2626 et
930 2567 1010 2626 udae

135 2649 227 2708 Vocis
248 2649 302 2708 iter
322 2659 501 2724 tenuemque
522 2647 638 2707 inclusit
659 2646 802 2723 sanguine
821 2647 930 2720 vitam;

135 2731 268 2806 Corpora
288 2731 380 2788 multa
399 2729 493 2787 virum
513 2728 599 2801 circa,
621 2728 777 2803 seniorque
798 2729 949 2801 Galaesus,
1075 2748 1140 2808 535,

137 2812 218 2867 Dum
239 2809 306 2885 paci
326 2809 457 2868 medium
478 2828 509 2867 se
530 2811 623 2880 offert,
645 2807 821 2866 iustissimus
841 2826 917 2865 unus

137 2888 197 2962 Qui
217 2890 279 2963 fuit,
301 2890 500 2964 Ausoniisque
521 2889 592 2947 olim
614 2887 773 2947 ditissimus
794 2887 877 2946 arvis.

136 2969 277 3044 Quinque
297 2989 398 3045 greges
418 2969 459 3027 illi
480 2970 640 3035 balantum,
662 2967 752 3043 quina
772 2967 908 3026 redibant

134 3051 285 3120 Armenta,
308 3059 337 3107 et
357 3059 463 3108 terram
484 3059 603 3107 centum
623 3049 757 3106 vertebat
777 3047 885 3105 aratris.

175 3131 273 3202 Atque
294 3147 329 3186 ea
350 3147 402 3202 per
422 3147 543 3202 campos
564 3147 660 3202 aequo
681 3129 753 3186 dum
775 3129 872 3185 Marte
892 3136 1040 3202 geruntur,
1067 3146 1126 3203 540

135 3207 275 3266 Promissi
295 3209 352 3264 dea
371 3207 447 3262 facta
468 3217 582 3280 potens,
604 3207 654 3264 ubi
676 3205 818 3281 sanguine
839 3205 950 3264 bellum

136 3284 255 3354 Imbuit,
277 3294 305 3340 et
327 3282 436 3356 primae
456 3283 603 3340 commisit
624 3286 726 3341 funera
746 3302 873 3359 pugnae,
