2460 3686
140 31 198 88 κο
382 27 419 87 P.
456 27 646 88 aarum
665 16 877 92 MARONJS

138 179 291 252 ‘Exstruia
313 181 371 240 heu
391 180 474 257 regni
493 199 649 257 rerumque
670 183 760 244 oblite
779 189 918 246 tuarum?

138 260 221 335 ‘Ipse
241 260 331 318 deum
353 259 405 319 tibi
426 279 474 320 me
494 261 574 320 claro
594 262 724 322 demittit
745 265 873 340 Olympo

138 339 311 414 ‘Regnator
333 340 447 398 caelum
468 350 498 399 et
518 351 608 399 terras
628 341 680 417 qui
700 343 822 402 numine
843 354 982 420 torquet;

137 418 219 494 ‘Ipse
239 419 314 476 haec
332 419 406 478 ferre
426 419 508 478 iubet
527 420 636 479 celeres
656 422 797 481 mandata
816 441 869 498 per
888 441 995 482 auras:
1083 443 1139 498 ²70

138 496 232 571 ‘Quid
252 495 359 556 struis?
385 509 436 556 aut
456 517 516 574 qua
535 517 588 574 spe
609 499 727 576 Libycis
747 501 816 560 teris
836 501 896 560 otia
917 502 1030 562 terris?
1204 501 1205 516 ¹

138 575 181 634 ‘Si
204 586 234 635 te
257 577 339 634 nulla
359 590 460 636 movet
484 589 630 637 tantarum
654 579 746 655 gloria
768 599 874 652 rerum,

140 656 219 715 ‘Nec
242 673 330 733 super
351 655 415 731 ipse
439 668 490 716 tua
511 658 621 716 moliris
645 659 733 718 laude
756 660 897 733 laborem,

138 734 311 794 ‘Ascanium
333 746 500 812 surgentem
525 747 554 795 et
576 756 645 812 spes
669 738 785 797 heredis
808 739 866 797 Iuli

137 814 287 891 ‘Respice
311 814 360 874 cui
383 834 505 890 regnum
529 815 633 876 ltaliae
656 819 854 893 Romanaque
876 818 964 877 tellus
1082 835 1137 894 275

137 895 323 953 ‘Debentur'
366 894 433 953 Tali
457 894 607 969 Cyllenius
630 913 680 954 ore
707 898 824 956 locutus

138 974 279 1033 Mortales
300 970 378 1032 visus
398 971 497 1032 medio
518 992 653 1033 sermone
672 974 797 1049 reliquit,

138 1053 176 1112 Et
199 1053 302 1128 procul
322 1052 352 1111 in
374 1063 493 1112 tenuem
515 1072 551 1112 ex
571 1053 663 1112 oculis
684 1053 803 1113 evanuit
823 1073 931 1114 auram.
1204 1073 1205 1116 l

176 1135 217 1190 At
238 1151 308 1190 vero
330 1134 446 1190 Aeneas
469 1141 589 1208 aspectu
611 1133 760 1192 obmutuit
781 1153 891 1205 amens,

137 1214 333 1286 Arrectaeque
349 1211 468 1271 horrore
488 1230 600 1282 comae,
622 1223 652 1271 et
672 1231 730 1271 vox
749 1212 881 1273 saucibus
900 1213 1004 1274 haesit.
1082 1217 1140 1274 280
1204 1235 1205 1284 3

136 1292 229 1350 Ardet
251 1289 332 1350 abire
354 1293 430 1366 luga,
452 1292 612 1367 dulcesque
631 1291 796 1367 relinquere
816 1305 913 1364 terras,
1204 1291 1205 1352 l

137 1370 288 1429 Attonitus
309 1380 392 1428 tanto
413 1371 527 1429 monitu
547 1370 730 1447 imperioque
750 1373 879 1430 deorum.
1204 1377 1205 1442 l

139 1451 217 1523 Heu,
242 1448 314 1525 quid
334 1452 421 1526 agat?
449 1468 509 1524 quo
530 1469 609 1509 nunc
629 1451 759 1525 reginam
781 1449 891 1510 ambire
910 1452 1065 1510 furentem
1204 1449 1205 1482 ff

138 1530 254 1588 Audeat
274 1529 396 1588 adfatu?
422 1548 498 1603 quae
518 1527 613 1604 prima
633 1530 753 1590 exordia
772 1532 889 1587 sumat?
1204 1585 1205 1592 ,

138 1612 236 1684 Atque
256 1607 386 1666 animum
407 1627 487 1666 nunc
506 1608 565 1666 huc
585 1610 720 1679 celerem,
742 1627 821 1666 nunc
840 1606 945 1667 dividit
965 1605 1050 1682 illue,
1081 1613 1137 1686 285

139 1691 176 1747 In
195 1698 351 1764 partesque
371 1687 447 1762 rapit
467 1687 569 1758 varias,
591 1706 703 1764 perque
724 1687 824 1745 omnia
843 1698 947 1746 versat.
1204 1699 1205 1702 ’

139 1769 226 1826 Haec
247 1766 402 1825 alternanti
422 1767 520 1842 potior
539 1767 685 1826 sententia
704 1766 766 1825 visa
787 1777 848 1825 est:

139 1847 298 1906 Mnesthea
317 1846 543 1920 Sergestumque
563 1856 658 1916 vocat,
679 1847 844 1920 fortemque
864 1846 1032 1904 Serestum:

139 1927 272 1987 Classem
292 1935 395 2000 aptent
415 1924 503 1995 taciti,
526 1925 680 2000 sociosque
700 1927 739 1983 ad
760 1925 844 1984 litora
864 1935 970 2000 cogant
979 1946 989 1998 ;

139 2009 229 2065 Arma
249 2018 362 2080 parent,
385 2014 422 2075 et,
445 2023 520 2079 quae
540 2006 627 2063 rebus
649 2003 686 2062 sit
706 2023 793 2062 causa
814 2003 966 2073 novandis,
1079 2027 1139 2083 290

140 2083 352 2143 Dissimulent:
381 2103 445 2142 sese
465 2083 584 2154 interea,
599 2085 720 2158 quando
742 2083 853 2158 optima
873 2083 954 2142 Dido

140 2164 269 2230 Nesciat,
290 2173 320 2222 et
340 2173 439 2221 tantos
458 2161 554 2239 rumpi
575 2181 637 2220 non
657 2173 753 2238 speret
773 2181 897 2235 amores,

140 2246 364 2319 Temptaturum
385 2241 490 2312 aditus,
511 2252 541 2300 et
562 2259 636 2316 quae
657 2241 829 2301 mollissima
848 2240 929 2300 fandi

139 2325 296 2399 Tempora,
319 2321 384 2397 quis
405 2323 491 2379 rebus
511 2322 612 2380 dexter
632 2323 746 2380 modus
791 2320 881 2381 Ocius
902 2340 1007 2382 omnes

141 2403 270 2479 Imperio
290 2402 359 2460 laeti
379 2411 491 2476 parent,
512 2419 548 2458 ac
568 2399 647 2458 iussa
665 2401 820 2460 facessunt.
1076 2419 1135 2478 ²95

180 2486 220 2541 At
241 2481 340 2557 regina
360 2481 445 2540 dolos
467 2479 544 2556 (quis
564 2481 662 2538 tallere
682 2479 774 2555 possit
794 2489 942 2538 amantem
952 2477 977 2556 l)

142 2562 317 2632 Praesensit,
338 2572 495 2634 motusque
516 2558 631 2634 excepit
651 2559 744 2634 prima
764 2560 884 2630 futuros,

142 2641 252 2703 Omnia
271 2651 334 2699 tuta
354 2640 467 2698 timeus
511 2639 624 2697 Eadem
645 2637 736 2715 impia
757 2639 849 2697 Fama
867 2636 974 2696 furenti

142 2721 256 2781 Detulit
276 2719 379 2779 armari
400 2721 522 2777 classem
543 2736 720 2792 cursumque
740 2716 841 2792 parari.

71 2840 73 2844 ·
142 2801 240 2862 Saevit
259 2799 344 2875 inops
365 2797 464 2870 animi,
485 2808 638 2871 totamque
658 2797 778 2855 incensa
797 2816 850 2871 per
862 2796 965 2854 urbem
1075 2818 1135 2874 300

143 2882 322 2952 Bacchatur3
352 2877 446 2953 qualis
464 2876 620 2936 commotis
641 2875 736 2935 excita
756 2874 844 2934 sacris

143 2959 262 3036 Thfias,
277 2957 328 3017 ubi
349 2957 449 3016 audito
470 2956 620 3015 stimulant
640 2953 783 3014 trieterica
804 2954 922 3012 Baccho

145 3038 242 3114 Orgia
264 3047 484 3109 nocturnusque
503 3044 590 3093 vocat
611 3035 737 3092 clamore
759 3032 925 3093 Cithaeron

144 3117 279 3177 Tandem
300 3115 345 3173 his
365 3117 488 3172 Aenean
509 3113 666 3187 compellat
685 3112 806 3170 vocibus
825 3112 919 3170 ultro:

187 3193 390 3250 ‘Dissimulare
410 3190 500 3248 etiam
520 3189 649 3263 sperasti,
671 3191 790 3263 perfide,
811 3200 927 3248 tantum
1075 3211 1128 3270 305

148 3275 251 3330 ‘Posse
272 3270 360 3339 nefas,
382 3265 543 3339 tacitusque
565 3284 632 3324 mea
652 3267 794 3326 decedere
814 3269 912 3326 terra?
