2442 3686
378 104 620 164 AENEIDOS
642 105 721 162 LIB
748 107 804 164 XI.

103 239 116 266 ‘
128 231 237 292 Militia
255 231 314 303 tali,
337 241 443 289 conata
462 233 604 288 lacessere
624 233 753 290 Teucros
762 253 771 304 3

103 313 204 372 ‘Cara
223 309 295 368 mihi
315 309 514 382 comitumque
534 311 606 367 foret
626 328 705 366 nunc
725 330 783 367 una
803 330 939 369 mearum.

105 393 237 448 ‘Verum
257 407 319 464 age,
341 386 578 462 quandoquidem
599 386 663 445 fatis
684 399 821 463 urguetur
839 389 958 461 acerbis,

106 471 249 538 ‘Labere,
272 467 418 542 Nympha,
439 469 517 540 polo,
538 467 669 541 finesque
689 466 780 525 invise
801 463 930 540 Latinos,

107 547 230 605 ‘Tristis
250 545 301 604 ubi
321 544 446 602 infausto
466 544 656 602 committitur
676 545 774 608 omine
794 565 897 621 pugna

109 629 216 684 ‘Haec
231 643 312 699 cape,
329 633 357 681 et
375 623 505 680 ultricem
525 623 658 697 pharetra
678 623 816 698 deprome
836 625 986 700 sagittam:

109 707 206 774 ‘Hac
228 704 402 778 quicumque
424 713 536 758 sacrum
556 701 669 759 violarit
689 705 808 761 vulnere
827 722 940 778 corpus,

109 785 203 841 ‘Tros
225 783 360 850 Italusue,
383 779 453 836 mihi
474 778 580 853 pariter
600 781 649 838 det
670 781 809 854 sanguine
828 797 947 855 poenas.

108 863 200 919 ‘Post
221 879 276 934 ego
296 859 374 916 nube
394 877 465 915 cava
486 859 667 925 miserandae
687 877 792 934 corpus
812 869 842 918 et
862 879 942 916 arma

109 945 119 973 ‘
129 938 291 1014 Inspoliata
310 939 400 995 feram
420 937 541 1008 tumulo,
562 935 731 1011 patriaeque
750 941 907 1012 reponam!

109 1018 212 1077 Dixit:
239 1028 269 1074 at
289 1015 338 1072 illa
358 1017 436 1073 leves
457 1013 530 1072 caeli
551 1015 669 1088 delapsa
689 1034 741 1090 per
760 1035 844 1074 auras

109 1095 255 1166 Insonuit,
277 1093 359 1169 nigro
379 1094 557 1150 circumdata
577 1093 690 1152 turbine
711 1113 823 1169 corpus.

150 1177 191 1232 At
211 1192 313 1231 manus
334 1172 443 1230 interea
462 1172 551 1228 muris
571 1172 698 1229 Troiana
718 1173 902 1247 propinquat,

110 1252 286 1327 Etruscique
305 1252 403 1321 duces,
426 1249 614 1324 equitumque
635 1251 776 1308 exercitus
797 1251 900 1323 omniS,

110 1330 266 1405 Conpositi
287 1346 408 1386 numero
427 1327 458 1385 in
479 1339 594 1386 turmas.
636 1328 745 1386 Fremit
765 1347 890 1404 aequore
912 1339 974 1389 toto

110 1411 259 1468 Insultans
279 1408 405 1482 sonipes,
427 1416 456 1464 et
476 1405 580 1481 pressis
599 1419 709 1480 pugnat
729 1407 850 1466 habenis

112 1491 184 1546 Huc
204 1489 342 1546 obversus
362 1496 392 1543 et
411 1486 487 1556 huc;
513 1495 575 1542 tum
595 1486 652 1543 late
673 1487 779 1544 ferrcus
800 1485 888 1544 hastis

112 1569 223 1625 Horret
242 1584 318 1640 ager,
340 1563 493 1638 campique
514 1561 600 1620 armis
621 1563 791 1622 sublimibus
812 1565 922 1625 ardent.

111 1648 257 1704 Necnon
279 1645 434 1716 Messapus
452 1651 561 1712 contra,
582 1643 747 1715 celeresque
769 1643 872 1715 Latini,

110 1727 152 1783 Et
172 1741 238 1780 cum
258 1723 343 1779 fratre
363 1721 463 1790 Coras,
486 1729 515 1778 et
534 1719 650 1794 virginis
671 1723 717 1778 ala
738 1721 886 1794 Camillae,

109 1800 235 1860 Adversi
254 1817 359 1873 campo
379 1799 528 1872 adparent,
550 1799 705 1872 hastasque
725 1799 849 1857 reductis

111 1880 295 1938 Protendunt
314 1879 401 1951 longe
422 1876 537 1946 dextris,
560 1886 589 1934 et
610 1876 719 1950 spicula
738 1877 869 1948 vibrant,

109 1958 322 2030 Adventusque
343 1957 434 2012 virum
454 1954 641 2027 fremitusque
661 1954 783 2012 ardescit
804 1974 955 2028 equorum,

110 2039 236 2110 Iamque
255 2035 330 2092 intra
349 2033 456 2090 iactum
476 2031 527 2090 teli
547 2051 712 2108 progressus
731 2044 851 2107 uterque

110 2113 302 2174 substiterat:
329 2111 426 2169 subito
447 2121 600 2184 erumpunt
620 2113 753 2182 clamore,
774 2113 959 2184 furentesque

112 2194 308 2251 Exhortantur
328 2197 437 2264 eq'uos;
463 2189 589 2250 fundunt
609 2188 694 2246 simul
715 2189 842 2263 undique
863 2190 921 2247 tela

112 2272 223 2331 Crebra
242 2268 315 2327 nivis
335 2269 399 2338 ritu,
422 2267 594 2340 caelumque
614 2267 758 2326 obtexitur
778 2269 885 2324 umbra

112 2349 263 2409 Continuo
284 2345 410 2405 adversis
430 2346 596 2420 Tyrrhenus
616 2356 646 2404 et
666 2365 732 2404 acer
751 2349 900 2404 Aconteus

113 2427 240 2488 Conuixi
260 2425 406 2484 incurrunt
425 2423 522 2494 hastis,
545 2423 685 2499 primique
706 2424 817 2483 ruinam

113 2509 196 2565 Dant
215 2504 309 2564 sonitu
329 2502 448 2578 ingenti,
469 2503 665 2578 perfractaque
687 2503 957 2578 quadrupedantum

113 2588 237 2642 Pectora
256 2581 421 2658 pectoribus
441 2591 585 2654 rumpunt
627 2583 772 2640 Excussus
792 2584 941 2639 Aconteus
1026 2586 1081 2654 615

115 2661 254 2721 Fulminis
274 2661 305 2718 in
325 2679 444 2730 morem,
465 2670 516 2716 aut
536 2669 681 2717 tormento
702 2659 839 2733 ponderis
859 2658 924 2730 acti,

115 2740 287 2815 Praecipitat
307 2741 401 2813 longe,
423 2747 452 2796 et
471 2735 561 2794 vitam
581 2736 719 2811 dispergit
738 2737 768 2794 in
787 2755 877 2795 auras.

114 2820 270 2894 Extemplo
290 2819 421 2876 turbatae
441 2814 526 2886 acies,
547 2815 678 2889 versique
699 2813 795 2872 Latini

113 2897 255 2958 Reiciunt.
281 2913 403 2971 parmas,
425 2905 455 2951 et
476 2911 566 2968 equos
586 2893 624 2950 ad
644 2892 760 2952 moenia
779 2903 901 2950 vertunt

112 2980 206 3036 Troes
226 2984 332 3050 agunt;
358 2972 493 3048 princeps
513 2982 620 3029 tunnas
640 2970 751 3029 inducit
771 2972 881 3046 Asylas.
1026 2974 1083 3028 620

113 3058 236 3128 Iamque
257 3052 491 3128 propinquabant
511 3048 609 3124 portis,
630 3068 783 3122 rursusque
804 3047 901 3107 Latini

113 3135 279 3193 Clamorem
299 3131 412 3198 tollunt,
434 3138 465 3186 et
483 3127 583 3185 mollia
603 3129 679 3186 colla
697 3129 849 3186 reflectunt
857 3149 866 3200 ;

115 3211 157 3269 Hi
177 3211 297 3286 fugiunt,
318 3207 491 3284 penitusque
512 3205 586 3264 datis
606 3207 765 3264 referuntur
784 3206 913 3264 habenis.

113 3289 214 3366 Qualis
234 3287 286 3346 ubi
305 3289 416 3344 alterno
436 3301 607 3360 procurrens
627 3285 737 3362 gurgite
756 3296 863 3358 pontus
