<?xml version="1.0" encoding="UTF-8"?>
<!DOCTYPE html PUBLIC "-//W3C//DTD XHTML 1.0 Transitional//EN"
    "http://www.w3.org/TR/xhtml1/DTD/xhtml1-transitional.dtd">
<html xmlns="http://www.w3.org/1999/xhtml" xml:lang="en" lang="en">
 <head>
  <title>
</title>
<meta http-equiv="Content-Type" content="text/html;charset=utf-8" />
  <meta name='ocr-system' content='tesseract 3.04.00' />
  <meta name='ocr-capabilities' content='ocr_page ocr_carea ocr_par ocr_line ocrx_word'/>
</head>
<body>
  <div class='ocr_page' id='page_1' title='image "./pvergilimaronis13virggoog/pvergilimaronis13virggoog_0329.png"; bbox 0 0 2462 3678; ppageno 0'>
   <div class='ocr_carea' id='block_1_1' title="bbox 143 52 913 126">
    <p class='ocr_par' dir='ltr' id='par_1_1' title="bbox 143 52 913 126">
     <span class='ocr_line' id='line_1_1' title="bbox 143 52 913 126; baseline 0.008 -16"><span class='ocrx_word' id='word_1_1' title='bbox 143 70 202 126; x_wconf 82' lang='lat'><strong>3²0</strong></span> <span class='ocrx_word' id='word_1_2' title='bbox 398 52 433 111; x_wconf 77' lang='lat' dir='ltr'><strong>P.</strong></span> <span class='ocrx_word' id='word_1_3' title='bbox 467 54 678 113; x_wconf 86' lang='lat' dir='ltr'><strong>VERGILII</strong></span> <span class='ocrx_word' id='word_1_4' title='bbox 699 57 913 116; x_wconf 87' lang='lat' dir='ltr'><strong>MARONIS</strong></span> 
     </span>
    </p>
   </div>
   <div class='ocr_carea' id='block_1_2' title="bbox 136 178 1199 3369">
    <p class='ocr_par' dir='ltr' id='par_1_2' title="bbox 143 178 901 256">
     <span class='ocr_line' id='line_1_2' title="bbox 143 178 901 256; baseline 0.005 -16"><span class='ocrx_word' id='word_1_5' title='bbox 143 179 236 240; x_wconf 87' lang='lat' dir='ltr'><strong>Haud</strong></span> <span class='ocrx_word' id='word_1_6' title='bbox 253 190 353 238; x_wconf 88' lang='lat' dir='ltr'><strong>vatum</strong></span> <span class='ocrx_word' id='word_1_7' title='bbox 374 178 492 256; x_wconf 89' lang='lat' dir='ltr'><strong>ignarus</strong></span> <span class='ocrx_word' id='word_1_8' title='bbox 510 178 682 255; x_wconf 88' lang='lat' dir='ltr'><strong>venturique</strong></span> <span class='ocrx_word' id='word_1_9' title='bbox 702 180 809 242; x_wconf 90' lang='lat' dir='ltr'><strong>inscius</strong></span> <span class='ocrx_word' id='word_1_10' title='bbox 827 183 901 256; x_wconf 87' lang='lat' dir='ltr'><strong>aevi,</strong></span> 
     </span>
    </p>

    <p class='ocr_par' dir='ltr' id='par_1_3' title="bbox 143 259 904 336">
     <span class='ocr_line' id='line_1_3' title="bbox 143 259 904 336; baseline 0.009 -19"><span class='ocrx_word' id='word_1_11' title='bbox 143 261 265 319; x_wconf 87' lang='lat' dir='ltr'><strong>Fecerat</strong></span> <span class='ocrx_word' id='word_1_12' title='bbox 285 260 476 336; x_wconf 82' lang='lat' dir='ltr'><strong>Ignipotens3</strong></span> <span class='ocrx_word' id='word_1_13' title='bbox 496 259 556 318; x_wconf 92' lang='lat' dir='ltr'><strong>illic</strong></span> <span class='ocrx_word' id='word_1_14' title='bbox 570 279 663 336; x_wconf 90' lang='lat' dir='ltr'><strong>genus</strong></span> <span class='ocrx_word' id='word_1_15' title='bbox 683 281 773 322; x_wconf 90' lang='lat' dir='ltr'><strong>omne</strong></span> <span class='ocrx_word' id='word_1_16' title='bbox 789 265 904 324; x_wconf 85' lang='lat' dir='ltr'><strong>futurae</strong></span> 
     </span>
    </p>

    <p class='ocr_par' dir='ltr' id='par_1_4' title="bbox 141 337 938 416">
     <span class='ocr_line' id='line_1_4' title="bbox 141 337 938 416; baseline 0.009 -19"><span class='ocrx_word' id='word_1_17' title='bbox 141 337 243 415; x_wconf 85' lang='lat' dir='ltr'>Stirpis</span> <span class='ocrx_word' id='word_1_18' title='bbox 259 341 298 399; x_wconf 84' lang='lat' dir='ltr'><strong>ab</strong></span> <span class='ocrx_word' id='word_1_19' title='bbox 314 339 452 409; x_wconf 88' lang='lat' dir='ltr'><strong>Ascanio,</strong></span> <span class='ocrx_word' id='word_1_20' title='bbox 470 350 659 416; x_wconf 83' lang='lat' dir='ltr'><strong>pugnataque</strong></span> <span class='ocrx_word' id='word_1_21' title='bbox 677 341 708 402; x_wconf 88' lang='lat' dir='ltr'><strong>in</strong></span> <span class='ocrx_word' id='word_1_22' title='bbox 727 344 830 403; x_wconf 87' lang='lat' dir='ltr'><strong>ordine</strong></span> <span class='ocrx_word' id='word_1_23' title='bbox 848 345 938 404; x_wconf 89' lang='lat' dir='ltr'><strong>bella.</strong></span> 
     </span>
    </p>

    <p class='ocr_par' dir='ltr' id='par_1_5' title="bbox 142 419 1139 576">
     <span class='ocr_line' id='line_1_5' title="bbox 142 419 1139 503; baseline 0.006 -25"><span class='ocrx_word' id='word_1_24' title='bbox 142 421 264 478; x_wconf 87' lang='lat' dir='ltr'><strong>Fecerat</strong></span> <span class='ocrx_word' id='word_1_25' title='bbox 283 430 313 478; x_wconf 88' lang='lat' dir='ltr'><strong>et</strong></span> <span class='ocrx_word' id='word_1_26' title='bbox 329 419 413 479; x_wconf 87' lang='lat' dir='ltr'><strong>viridi</strong></span> <span class='ocrx_word' id='word_1_27' title='bbox 431 421 521 480; x_wconf 79' lang='lat' dir='ltr'><strong>{etam</strong></span> <span class='ocrx_word' id='word_1_28' title='bbox 547 420 689 480; x_wconf 89' lang='lat' dir='ltr'><strong>Mavortis</strong></span> <span class='ocrx_word' id='word_1_29' title='bbox 714 422 744 481; x_wconf 92' lang='lat' dir='ltr'><strong>in</strong></span> <span class='ocrx_word' id='word_1_30' title='bbox 761 435 844 484; x_wconf 89' lang='lat' dir='ltr'><strong>antro</strong></span> <span class='ocrx_word' id='word_1_31' title='bbox 1086 432 1139 503; x_wconf 80' lang='lat'><strong>630</strong></span> 
     </span>
     <span class='ocr_line' id='line_1_6' title="bbox 143 498 971 576; baseline 0.007 -18"><span class='ocrx_word' id='word_1_32' title='bbox 143 498 338 559; x_wconf 91' lang='lat' dir='ltr'><strong>Procubuisse</strong></span> <span class='ocrx_word' id='word_1_33' title='bbox 359 500 477 576; x_wconf 89' lang='lat' dir='ltr'><strong>lupam:</strong></span> <span class='ocrx_word' id='word_1_34' title='bbox 507 500 642 576; x_wconf 88' lang='lat' dir='ltr'><strong>geminos</strong></span> <span class='ocrx_word' id='word_1_35' title='bbox 659 501 728 560; x_wconf 89' lang='lat' dir='ltr'><strong>huic</strong></span> <span class='ocrx_word' id='word_1_36' title='bbox 750 504 840 562; x_wconf 87' lang='lat' dir='ltr'><strong>ubera</strong></span> <span class='ocrx_word' id='word_1_37' title='bbox 858 504 971 564; x_wconf 89' lang='lat' dir='ltr'><strong>circum</strong></span> 
     </span>
    </p>

    <p class='ocr_par' dir='ltr' id='par_1_6' title="bbox 142 580 925 655">
     <span class='ocr_line' id='line_1_7' title="bbox 142 580 925 655; baseline 0.006 -18"><span class='ocrx_word' id='word_1_38' title='bbox 142 580 259 638; x_wconf 90' lang='lat' dir='ltr'><strong>Ludere</strong></span> <span class='ocrx_word' id='word_1_39' title='bbox 277 580 442 655; x_wconf 89' lang='lat' dir='ltr'><strong>pendentes</strong></span> <span class='ocrx_word' id='word_1_40' title='bbox 468 599 583 655; x_wconf 91' lang='lat' dir='ltr'><strong>pueros,</strong></span> <span class='ocrx_word' id='word_1_41' title='bbox 604 593 634 641; x_wconf 88' lang='lat' dir='ltr'><strong>et</strong></span> <span class='ocrx_word' id='word_1_42' title='bbox 652 582 782 643; x_wconf 80' lang='lat' dir='ltr'><strong>lambere</strong></span> <span class='ocrx_word' id='word_1_43' title='bbox 801 595 925 644; x_wconf 91' lang='lat' dir='ltr'><strong>matrem</strong></span> 
     </span>
    </p>

    <p class='ocr_par' dir='ltr' id='par_1_7' title="bbox 142 658 812 734">
     <span class='ocr_line' id='line_1_8' title="bbox 142 658 812 734; baseline 0.006 -16"><span class='ocrx_word' id='word_1_44' title='bbox 142 658 304 734; x_wconf 89' lang='lat' dir='ltr'><strong>Inpavidos</strong></span> <span class='ocrx_word' id='word_1_45' title='bbox 313 681 322 732; x_wconf 91' lang='lat'>;</span> <span class='ocrx_word' id='word_1_46' title='bbox 341 659 421 718; x_wconf 87' lang='lat' dir='ltr'><strong>illam</strong></span> <span class='ocrx_word' id='word_1_47' title='bbox 442 659 527 720; x_wconf 90' lang='lat' dir='ltr'><strong>tereti</strong></span> <span class='ocrx_word' id='word_1_48' title='bbox 546 659 659 721; x_wconf 87' lang='lat' dir='ltr'><strong>cervice</strong></span> <span class='ocrx_word' id='word_1_49' title='bbox 674 663 812 722; x_wconf 87' lang='lat' dir='ltr'><strong>reflexam</strong></span> 
     </span>
    </p>

    <p class='ocr_par' dir='ltr' id='par_1_8' title="bbox 142 740 1109 820">
     <span class='ocr_line' id='line_1_9' title="bbox 142 740 1109 820; baseline 0.007 -24"><span class='ocrx_word' id='word_1_50' title='bbox 142 740 276 799; x_wconf 89' lang='lat' dir='ltr'><strong>Mulcere</strong></span> <span class='ocrx_word' id='word_1_51' title='bbox 294 741 431 810; x_wconf 70' lang='lat' dir='ltr'><strong>altemos</strong></span> <span class='ocrx_word' id='word_1_52' title='bbox 448 750 478 799; x_wconf 90' lang='lat' dir='ltr'><strong>et</strong></span> <span class='ocrx_word' id='word_1_53' title='bbox 496 759 619 816; x_wconf 88' lang='lat' dir='ltr'><strong>corpora</strong></span> <span class='ocrx_word' id='word_1_54' title='bbox 639 742 748 818; x_wconf 90' lang='lat' dir='ltr'><strong>fingere</strong></span> <span class='ocrx_word' id='word_1_55' title='bbox 768 743 872 820; x_wconf 86' lang='lat' dir='ltr'><strong>lingua</strong></span> <span class='ocrx_word' id='word_1_56' title='bbox 1103 805 1109 816; x_wconf 68' lang='grc'><em>,</em></span> 
     </span>
    </p>

    <p class='ocr_par' dir='ltr' id='par_1_9' title="bbox 141 819 1134 976">
     <span class='ocr_line' id='line_1_10' title="bbox 142 819 1134 902; baseline 0.004 -22"><span class='ocrx_word' id='word_1_57' title='bbox 142 821 207 880; x_wconf 90' lang='lat' dir='ltr'><strong>Nec</strong></span> <span class='ocrx_word' id='word_1_58' title='bbox 226 820 329 895; x_wconf 89' lang='lat' dir='ltr'><strong>procul</strong></span> <span class='ocrx_word' id='word_1_59' title='bbox 349 819 419 878; x_wconf 93' lang='lat' dir='ltr'><strong>hinc</strong></span> <span class='ocrx_word' id='word_1_60' title='bbox 437 822 566 880; x_wconf 88' lang='lat' dir='ltr'><strong>Romam</strong></span> <span class='ocrx_word' id='word_1_61' title='bbox 587 832 616 880; x_wconf 89' lang='lat' dir='ltr'><strong>et</strong></span> <span class='ocrx_word' id='word_1_62' title='bbox 634 833 731 897; x_wconf 87' lang='lat' dir='ltr'><strong>raptas</strong></span> <span class='ocrx_word' id='word_1_63' title='bbox 750 823 813 882; x_wconf 88' lang='lat' dir='ltr'><strong>siue</strong></span> <span class='ocrx_word' id='word_1_64' title='bbox 832 843 914 884; x_wconf 89' lang='lat' dir='ltr'><strong>more</strong></span> <span class='ocrx_word' id='word_1_65' title='bbox 935 824 1066 886; x_wconf 90' lang='lat' dir='ltr'><strong>Sabinas</strong></span> <span class='ocrx_word' id='word_1_66' title='bbox 1082 828 1134 902; x_wconf 84' lang='lat'><strong>635</strong></span> 
     </span>
     <span class='ocr_line' id='line_1_11' title="bbox 141 899 864 976; baseline 0.003 -16"><span class='ocrx_word' id='word_1_67' title='bbox 141 900 291 960; x_wconf 90' lang='lat' dir='ltr'><strong>Consessu</strong></span> <span class='ocrx_word' id='word_1_68' title='bbox 310 918 426 970; x_wconf 88' lang='lat' dir='ltr'><strong>caveae,</strong></span> <span class='ocrx_word' id='word_1_69' title='bbox 446 899 559 976; x_wconf 90' lang='lat' dir='ltr'><strong>magnis</strong></span> <span class='ocrx_word' id='word_1_70' title='bbox 580 900 767 962; x_wconf 88' lang='lat' dir='ltr'><strong>Circensibus</strong></span> <span class='ocrx_word' id='word_1_71' title='bbox 783 903 864 976; x_wconf 85' lang='lat' dir='ltr'><strong>actis,</strong></span> 
     </span>
    </p>

    <p class='ocr_par' dir='ltr' id='par_1_10' title="bbox 139 979 944 1058">
     <span class='ocr_line' id='line_1_12' title="bbox 139 979 944 1058; baseline 0.007 -20"><span class='ocrx_word' id='word_1_72' title='bbox 139 979 312 1054; x_wconf 83' lang='lat' dir='ltr'><strong>Addiderat,</strong></span> <span class='ocrx_word' id='word_1_73' title='bbox 335 979 491 1056; x_wconf 92' lang='lat' dir='ltr'><strong>subitoque</strong></span> <span class='ocrx_word' id='word_1_74' title='bbox 507 999 616 1040; x_wconf 88' lang='lat' dir='ltr'><strong>novum</strong></span> <span class='ocrx_word' id='word_1_75' title='bbox 637 999 812 1058; x_wconf 88' lang='lat' dir='ltr'><strong>consurgere</strong></span> <span class='ocrx_word' id='word_1_76' title='bbox 833 984 944 1044; x_wconf 89' lang='lat' dir='ltr'><strong>bellum</strong></span> 
     </span>
    </p>

    <p class='ocr_par' dir='ltr' id='par_1_11' title="bbox 142 1058 898 1137">
     <span class='ocr_line' id='line_1_13' title="bbox 142 1058 898 1137; baseline 0 -17"><span class='ocrx_word' id='word_1_77' title='bbox 142 1058 309 1120; x_wconf 88' lang='lat' dir='ltr'><strong>Romulidis</strong></span> <span class='ocrx_word' id='word_1_78' title='bbox 328 1059 476 1136; x_wconf 89' lang='lat' dir='ltr'><strong>Tatioque</strong></span> <span class='ocrx_word' id='word_1_79' title='bbox 497 1059 560 1120; x_wconf 91' lang='lat' dir='ltr'><strong>seni</strong></span> <span class='ocrx_word' id='word_1_80' title='bbox 581 1060 767 1137; x_wconf 89' lang='lat' dir='ltr'><strong>Curibusque</strong></span> <span class='ocrx_word' id='word_1_81' title='bbox 783 1063 898 1123; x_wconf 90' lang='lat' dir='ltr'><strong>severis.</strong></span> 
     </span>
    </p>

    <p class='ocr_par' dir='ltr' id='par_1_12' title="bbox 142 1138 852 1219">
     <span class='ocr_line' id='line_1_14' title="bbox 142 1138 852 1219; baseline 0.006 -21"><span class='ocrx_word' id='word_1_82' title='bbox 142 1141 213 1200; x_wconf 92' lang='lat' dir='ltr'><strong>Post</strong></span> <span class='ocrx_word' id='word_1_83' title='bbox 230 1138 310 1199; x_wconf 90' lang='lat' dir='ltr'><strong>idem</strong></span> <span class='ocrx_word' id='word_1_84' title='bbox 328 1138 403 1199; x_wconf 91' lang='lat' dir='ltr'><strong>inter</strong></span> <span class='ocrx_word' id='word_1_85' title='bbox 422 1159 454 1201; x_wconf 93' lang='lat' dir='ltr'><strong>se</strong></span> <span class='ocrx_word' id='word_1_86' title='bbox 472 1139 571 1216; x_wconf 91' lang='lat' dir='ltr'><strong>posito</strong></span> <span class='ocrx_word' id='word_1_87' title='bbox 590 1141 751 1202; x_wconf 88' lang='lat' dir='ltr'><strong>certamine</strong></span> <span class='ocrx_word' id='word_1_88' title='bbox 770 1162 852 1219; x_wconf 88' lang='lat' dir='ltr'><strong>reges</strong></span> 
     </span>
    </p>

    <p class='ocr_par' dir='ltr' id='par_1_13' title="bbox 140 1219 1134 1379">
     <span class='ocr_line' id='line_1_15' title="bbox 140 1219 1134 1299; baseline 0.005 -20"><span class='ocrx_word' id='word_1_89' title='bbox 140 1219 254 1280; x_wconf 91' lang='lat' dir='ltr'><strong>Armati</strong></span> <span class='ocrx_word' id='word_1_90' title='bbox 272 1219 353 1280; x_wconf 91' lang='lat' dir='ltr'><strong>Iovis</strong></span> <span class='ocrx_word' id='word_1_91' title='bbox 370 1232 439 1280; x_wconf 91' lang='lat' dir='ltr'><strong>ante</strong></span> <span class='ocrx_word' id='word_1_92' title='bbox 458 1239 538 1278; x_wconf 86' lang='lat' dir='ltr'><strong>aram</strong></span> <span class='ocrx_word' id='word_1_93' title='bbox 559 1231 733 1297; x_wconf 87' lang='lat' dir='ltr'><strong>paterasque</strong></span> <span class='ocrx_word' id='word_1_94' title='bbox 749 1233 884 1282; x_wconf 89' lang='lat' dir='ltr'><strong>tenentes</strong></span> <span class='ocrx_word' id='word_1_95' title='bbox 1081 1230 1134 1299; x_wconf 78' lang='lat'><strong>640</strong></span> 
     </span>
     <span class='ocr_line' id='line_1_16' title="bbox 141 1300 849 1379; baseline 0.004 -20"><span class='ocrx_word' id='word_1_96' title='bbox 141 1301 264 1359; x_wconf 88' lang='lat' dir='ltr'><strong>Stabant</strong></span> <span class='ocrx_word' id='word_1_97' title='bbox 282 1311 312 1360; x_wconf 92' lang='lat' dir='ltr'><strong>et</strong></span> <span class='ocrx_word' id='word_1_98' title='bbox 330 1319 416 1359; x_wconf 89' lang='lat' dir='ltr'><strong>caesa</strong></span> <span class='ocrx_word' id='word_1_99' title='bbox 434 1300 594 1376; x_wconf 87' lang='lat' dir='ltr'><strong>iungebant</strong></span> <span class='ocrx_word' id='word_1_100' title='bbox 612 1302 736 1361; x_wconf 84' lang='lat' dir='ltr'><strong>foedera</strong></span> <span class='ocrx_word' id='word_1_101' title='bbox 753 1322 849 1379; x_wconf 87' lang='lat' dir='ltr'><strong>porca</strong></span> 
     </span>
    </p>

    <p class='ocr_par' dir='ltr' id='par_1_14' title="bbox 141 1379 1055 1542">
     <span class='ocr_line' id='line_1_17' title="bbox 141 1379 1055 1462; baseline 0.007 -23"><span class='ocrx_word' id='word_1_102' title='bbox 141 1380 233 1439; x_wconf 88' lang='lat' dir='ltr'><strong>Haud</strong></span> <span class='ocrx_word' id='word_1_103' title='bbox 254 1382 356 1457; x_wconf 90' lang='lat' dir='ltr'><strong>procul</strong></span> <span class='ocrx_word' id='word_1_104' title='bbox 376 1379 447 1440; x_wconf 92' lang='lat' dir='ltr'><strong>inde</strong></span> <span class='ocrx_word' id='word_1_105' title='bbox 466 1380 541 1440; x_wconf 89' lang='lat' dir='ltr'><strong>citae</strong></span> <span class='ocrx_word' id='word_1_106' title='bbox 565 1383 692 1441; x_wconf 90' lang='lat' dir='ltr'><strong>Mettum</strong></span> <span class='ocrx_word' id='word_1_107' title='bbox 712 1382 742 1441; x_wconf 93' lang='lat' dir='ltr'><strong>in</strong></span> <span class='ocrx_word' id='word_1_108' title='bbox 761 1383 874 1444; x_wconf 83' lang='lat' dir='ltr'><strong>diversa</strong></span> <span class='ocrx_word' id='word_1_109' title='bbox 890 1385 1055 1462; x_wconf 85' lang='lat' dir='ltr'><strong>quadrigae</strong></span> 
     </span>
     <span class='ocr_line' id='line_1_18' title="bbox 142 1459 883 1542; baseline 0.005 -24"><span class='ocrx_word' id='word_1_110' title='bbox 142 1459 331 1532; x_wconf 83' lang='lat' dir='ltr'><strong>Distulerant,</strong></span> <span class='ocrx_word' id='word_1_111' title='bbox 352 1463 394 1539; x_wconf 74' lang='lat' dir='ltr'><strong>(at</strong></span> <span class='ocrx_word' id='word_1_112' title='bbox 414 1472 446 1520; x_wconf 93' lang='lat' dir='ltr'><strong>tu</strong></span> <span class='ocrx_word' id='word_1_113' title='bbox 464 1460 559 1533; x_wconf 89' lang='lat' dir='ltr'><strong>dictis,</strong></span> <span class='ocrx_word' id='word_1_114' title='bbox 575 1462 700 1533; x_wconf 87' lang='lat' dir='ltr'><strong>Albane,</strong></span> <span class='ocrx_word' id='word_1_115' title='bbox 719 1481 852 1522; x_wconf 88' lang='lat' dir='ltr'><strong>maneres</strong></span> <span class='ocrx_word' id='word_1_116' title='bbox 864 1463 883 1542; x_wconf 84' lang='lat' dir='ltr'><strong>l)</strong></span> 
     </span>
    </p>

    <p class='ocr_par' dir='ltr' id='par_1_15' title="bbox 142 1540 839 1616">
     <span class='ocr_line' id='line_1_19' title="bbox 142 1540 839 1616; baseline 0.006 -18"><span class='ocrx_word' id='word_1_117' title='bbox 142 1541 350 1616; x_wconf 86' lang='lat' dir='ltr'><strong>Raptabatque</strong></span> <span class='ocrx_word' id='word_1_118' title='bbox 367 1540 419 1599; x_wconf 88' lang='lat' dir='ltr'><strong>viri</strong></span> <span class='ocrx_word' id='word_1_119' title='bbox 435 1540 586 1601; x_wconf 83' lang='lat' dir='ltr'><strong>mendacis</strong></span> <span class='ocrx_word' id='word_1_120' title='bbox 607 1540 718 1601; x_wconf 89' lang='lat' dir='ltr'><strong>viscera</strong></span> <span class='ocrx_word' id='word_1_121' title='bbox 735 1544 839 1602; x_wconf 87' lang='lat' dir='ltr'><strong>Tullus</strong></span> 
     </span>
    </p>

    <p class='ocr_par' dir='ltr' id='par_1_16' title="bbox 139 1620 1199 2004">
     <span class='ocr_line' id='line_1_20' title="bbox 141 1620 1130 1702; baseline 0.007 -24"><span class='ocrx_word' id='word_1_122' title='bbox 141 1623 197 1679; x_wconf 90' lang='lat' dir='ltr'><strong>Per</strong></span> <span class='ocrx_word' id='word_1_123' title='bbox 215 1620 327 1693; x_wconf 87' lang='lat' dir='ltr'><strong>silvam,</strong></span> <span class='ocrx_word' id='word_1_124' title='bbox 345 1631 374 1680; x_wconf 92' lang='lat' dir='ltr'><strong>et</strong></span> <span class='ocrx_word' id='word_1_125' title='bbox 394 1621 485 1696; x_wconf 89' lang='lat' dir='ltr'><strong>sparsi</strong></span> <span class='ocrx_word' id='word_1_126' title='bbox 502 1622 640 1680; x_wconf 87' lang='lat' dir='ltr'><strong>rorabant</strong></span> <span class='ocrx_word' id='word_1_127' title='bbox 659 1621 801 1698; x_wconf 91' lang='lat' dir='ltr'><strong>sanguine</strong></span> <span class='ocrx_word' id='word_1_128' title='bbox 819 1642 930 1699; x_wconf 83' lang='lat' dir='ltr'><strong>vepres</strong></span> <span class='ocrx_word' id='word_1_129' title='bbox 1077 1630 1130 1702; x_wconf 83' lang='lat'><strong>645</strong></span> 
     </span>
     <span class='ocr_line' id='line_1_21' title="bbox 141 1700 1199 1776; baseline 0.006 -17"><span class='ocrx_word' id='word_1_130' title='bbox 141 1703 283 1760; x_wconf 90' lang='lat' dir='ltr'><strong>Necnon</strong></span> <span class='ocrx_word' id='word_1_131' title='bbox 301 1700 495 1776; x_wconf 90' lang='lat' dir='ltr'><strong>Tarquinium</strong></span> <span class='ocrx_word' id='word_1_132' title='bbox 513 1701 637 1761; x_wconf 89' lang='lat' dir='ltr'><strong>eiectum</strong></span> <span class='ocrx_word' id='word_1_133' title='bbox 655 1704 806 1761; x_wconf 89' lang='lat' dir='ltr'><strong>Porsenna</strong></span> <span class='ocrx_word' id='word_1_134' title='bbox 824 1702 945 1764; x_wconf 93' lang='lat' dir='ltr'><strong>iubebat</strong></span> <span class='ocrx_word' id='word_1_135' title='bbox 1198 1721 1199 1724; x_wconf 74' lang='grc'>’</span> 
     </span>
     <span class='ocr_line' id='line_1_22' title="bbox 139 1780 963 1858; baseline 0.005 -20"><span class='ocrx_word' id='word_1_136' title='bbox 139 1780 291 1856; x_wconf 84' lang='lat' dir='ltr'><strong>Accipere,</strong></span> <span class='ocrx_word' id='word_1_137' title='bbox 311 1780 482 1857; x_wconf 88' lang='lat' dir='ltr'><strong>ingentique</strong></span> <span class='ocrx_word' id='word_1_138' title='bbox 498 1782 600 1841; x_wconf 89' lang='lat' dir='ltr'><strong>urbem</strong></span> <span class='ocrx_word' id='word_1_139' title='bbox 617 1781 772 1841; x_wconf 90' lang='lat' dir='ltr'><strong>obsidione</strong></span> <span class='ocrx_word' id='word_1_140' title='bbox 790 1785 963 1858; x_wconf 84' lang='lat' dir='ltr'><strong>premebat;</strong></span> 
     </span>
     <span class='ocr_line' id='line_1_23' title="bbox 140 1860 855 1936; baseline 0.004 -17"><span class='ocrx_word' id='word_1_141' title='bbox 140 1862 300 1920; x_wconf 89' lang='lat' dir='ltr'><strong>Aeneadae</strong></span> <span class='ocrx_word' id='word_1_142' title='bbox 320 1860 351 1920; x_wconf 91' lang='lat' dir='ltr'><strong>in</strong></span> <span class='ocrx_word' id='word_1_143' title='bbox 371 1861 478 1920; x_wconf 87' lang='lat' dir='ltr'><strong>ferrum</strong></span> <span class='ocrx_word' id='word_1_144' title='bbox 495 1880 548 1936; x_wconf 91' lang='lat' dir='ltr'><strong>pro</strong></span> <span class='ocrx_word' id='word_1_145' title='bbox 570 1861 703 1922; x_wconf 83' lang='lat' dir='ltr'><strong>libertate</strong></span> <span class='ocrx_word' id='word_1_146' title='bbox 722 1863 855 1922; x_wconf 85' lang='lat' dir='ltr'><strong>ruebant</strong></span> 
     </span>
    </p>

    <p class='ocr_par' dir='ltr' id='par_1_17' title="bbox 140 1939 908 2018">
     <span class='ocr_line' id='line_1_24' title="bbox 140 1939 908 2018; baseline 0.004 -19"><span class='ocrx_word' id='word_1_147' title='bbox 140 1943 228 1999; x_wconf 90' lang='lat' dir='ltr'><strong>Illum</strong></span> <span class='ocrx_word' id='word_1_148' title='bbox 249 1940 414 2018; x_wconf 87' lang='lat' dir='ltr'><strong>indignanti</strong></span> <span class='ocrx_word' id='word_1_149' title='bbox 433 1939 558 2000; x_wconf 92' lang='lat' dir='ltr'><strong>similem</strong></span> <span class='ocrx_word' id='word_1_150' title='bbox 579 1941 764 2017; x_wconf 89' lang='lat' dir='ltr'><strong>similemque</strong></span> <span class='ocrx_word' id='word_1_151' title='bbox 784 1942 908 2002; x_wconf 89' lang='lat' dir='ltr'><strong>minanti</strong></span> 
     </span>
    </p>

    <p class='ocr_par' dir='ltr' id='par_1_18' title="bbox 137 2021 1199 2258">
     <span class='ocr_line' id='line_1_25' title="bbox 137 2021 1199 2102; baseline 0.003 -22"><span class='ocrx_word' id='word_1_152' title='bbox 137 2021 303 2098; x_wconf 85' lang='lat' dir='ltr'><strong>Aspieeres,</strong></span> <span class='ocrx_word' id='word_1_153' title='bbox 322 2031 446 2097; x_wconf 90' lang='lat' dir='ltr'><strong>pontem</strong></span> <span class='ocrx_word' id='word_1_154' title='bbox 467 2023 589 2082; x_wconf 87' lang='lat' dir='ltr'><strong>auderet</strong></span> <span class='ocrx_word' id='word_1_155' title='bbox 607 2022 677 2096; x_wconf 89' lang='lat' dir='ltr'><strong>quia</strong></span> <span class='ocrx_word' id='word_1_156' title='bbox 698 2025 804 2082; x_wconf 90' lang='lat' dir='ltr'><strong>vellere</strong></span> <span class='ocrx_word' id='word_1_157' title='bbox 826 2025 942 2096; x_wconf 88' lang='lat' dir='ltr'><strong>Cocles,</strong></span> <span class='ocrx_word' id='word_1_158' title='bbox 1076 2027 1130 2102; x_wconf 84' lang='lat'><strong>650</strong></span> <span class='ocrx_word' id='word_1_159' title='bbox 1198 2066 1199 2100; x_wconf 40' lang='lat' dir='ltr'><strong>q</strong></span> 
     </span>
     <span class='ocr_line' id='line_1_26' title="bbox 140 2100 1199 2196; baseline 0 -35"><span class='ocrx_word' id='word_1_160' title='bbox 140 2104 179 2161; x_wconf 92' lang='lat' dir='ltr'><strong>Et</strong></span> <span class='ocrx_word' id='word_1_161' title='bbox 198 2100 317 2160; x_wconf 91' lang='lat' dir='ltr'><strong>fluvium</strong></span> <span class='ocrx_word' id='word_1_162' title='bbox 338 2100 442 2160; x_wconf 92' lang='lat' dir='ltr'><strong>vinclis</strong></span> <span class='ocrx_word' id='word_1_163' title='bbox 462 2102 576 2161; x_wconf 88' lang='lat' dir='ltr'><strong>innaret</strong></span> <span class='ocrx_word' id='word_1_164' title='bbox 594 2102 707 2162; x_wconf 90' lang='lat' dir='ltr'><strong>Cloelia</strong></span> <span class='ocrx_word' id='word_1_165' title='bbox 727 2103 827 2178; x_wconf 92' lang='lat' dir='ltr'><strong>ruptis.</strong></span> <span class='ocrx_word' id='word_1_166' title='bbox 1198 2103 1199 2196; x_wconf 59' lang='lat' dir='ltr'><strong>l</strong></span> 
     </span>
     <span class='ocr_line' id='line_1_27' title="bbox 140 2182 832 2258; baseline 0.001 -18"><span class='ocrx_word' id='word_1_167' title='bbox 140 2185 178 2240; x_wconf 92' lang='lat' dir='ltr'><strong>In</strong></span> <span class='ocrx_word' id='word_1_168' title='bbox 194 2201 311 2242; x_wconf 91' lang='lat' dir='ltr'><strong>summo</strong></span> <span class='ocrx_word' id='word_1_169' title='bbox 329 2192 428 2240; x_wconf 89' lang='lat' dir='ltr'><strong>custos</strong></span> <span class='ocrx_word' id='word_1_170' title='bbox 446 2182 590 2258; x_wconf 88' lang='lat' dir='ltr'><strong>Tarpeiae</strong></span> <span class='ocrx_word' id='word_1_171' title='bbox 612 2183 740 2241; x_wconf 87' lang='lat' dir='ltr'><strong>Manlius</strong></span> <span class='ocrx_word' id='word_1_172' title='bbox 759 2182 832 2241; x_wconf 90' lang='lat' dir='ltr'><strong>arcis</strong></span> 
     </span>
    </p>

    <p class='ocr_par' dir='ltr' id='par_1_19' title="bbox 139 2261 902 2339">
     <span class='ocr_line' id='line_1_28' title="bbox 139 2261 902 2339; baseline -0.003 -17"><span class='ocrx_word' id='word_1_173' title='bbox 139 2264 240 2322; x_wconf 85' lang='lat' dir='ltr'><strong>Stabat</strong></span> <span class='ocrx_word' id='word_1_174' title='bbox 261 2281 314 2338; x_wconf 91' lang='lat' dir='ltr'><strong>pro</strong></span> <span class='ocrx_word' id='word_1_175' title='bbox 333 2262 446 2338; x_wconf 90' lang='lat' dir='ltr'><strong>templo</strong></span> <span class='ocrx_word' id='word_1_176' title='bbox 462 2272 492 2321; x_wconf 92' lang='lat' dir='ltr'><strong>et</strong></span> <span class='ocrx_word' id='word_1_177' title='bbox 510 2261 658 2339; x_wconf 87' lang='lat' dir='ltr'><strong>Capitolia</strong></span> <span class='ocrx_word' id='word_1_178' title='bbox 674 2264 752 2322; x_wconf 90' lang='lat' dir='ltr'><strong>celsa</strong></span> <span class='ocrx_word' id='word_1_179' title='bbox 774 2263 902 2334; x_wconf 87' lang='lat' dir='ltr'><strong>tenebat,</strong></span> 
     </span>
    </p>

    <p class='ocr_par' dir='ltr' id='par_1_20' title="bbox 139 2342 847 2418">
     <span class='ocr_line' id='line_1_29' title="bbox 139 2342 847 2418; baseline -0.001 -17"><span class='ocrx_word' id='word_1_180' title='bbox 139 2344 348 2418; x_wconf 91' lang='lat' dir='ltr'><strong>Romuleoque</strong></span> <span class='ocrx_word' id='word_1_181' title='bbox 366 2360 468 2402; x_wconf 89' lang='lat' dir='ltr'><strong>recens</strong></span> <span class='ocrx_word' id='word_1_182' title='bbox 486 2343 623 2402; x_wconf 88' lang='lat' dir='ltr'><strong>horrebat</strong></span> <span class='ocrx_word' id='word_1_183' title='bbox 641 2343 720 2418; x_wconf 91' lang='lat' dir='ltr'><strong>regia</strong></span> <span class='ocrx_word' id='word_1_184' title='bbox 739 2342 847 2402; x_wconf 88' lang='lat' dir='ltr'><strong>culmo.</strong></span> 
     </span>
    </p>

    <p class='ocr_par' dir='ltr' id='par_1_21' title="bbox 137 2421 1125 2576">
     <span class='ocr_line' id='line_1_30' title="bbox 137 2421 1125 2500; baseline 0.001 -18"><span class='ocrx_word' id='word_1_185' title='bbox 137 2424 238 2499; x_wconf 84' lang='lat' dir='ltr'><strong>Atque</strong></span> <span class='ocrx_word' id='word_1_186' title='bbox 254 2422 302 2481; x_wconf 92' lang='lat' dir='ltr'><strong>hic</strong></span> <span class='ocrx_word' id='word_1_187' title='bbox 318 2421 425 2480; x_wconf 87' lang='lat' dir='ltr'><strong>auratis</strong></span> <span class='ocrx_word' id='word_1_188' title='bbox 445 2423 571 2482; x_wconf 90' lang='lat' dir='ltr'><strong>volitans</strong></span> <span class='ocrx_word' id='word_1_189' title='bbox 589 2435 743 2499; x_wconf 89' lang='lat' dir='ltr'><strong>argenteus</strong></span> <span class='ocrx_word' id='word_1_190' title='bbox 764 2441 850 2481; x_wconf 90' lang='lat' dir='ltr'><strong>anser</strong></span> <span class='ocrx_word' id='word_1_191' title='bbox 1073 2428 1125 2500; x_wconf 80' lang='lat'><strong>655</strong></span> 
     </span>
     <span class='ocr_line' id='line_1_31' title="bbox 139 2501 873 2576; baseline -0.001 -13"><span class='ocrx_word' id='word_1_192' title='bbox 139 2503 303 2563; x_wconf 90' lang='lat' dir='ltr'><strong>Porticibus</strong></span> <span class='ocrx_word' id='word_1_193' title='bbox 321 2503 422 2562; x_wconf 80' lang='lat' dir='ltr'><strong>Gallos</strong></span> <span class='ocrx_word' id='word_1_194' title='bbox 439 2501 469 2560; x_wconf 92' lang='lat' dir='ltr'><strong>in</strong></span> <span class='ocrx_word' id='word_1_195' title='bbox 489 2502 591 2562; x_wconf 91' lang='lat' dir='ltr'><strong>limine</strong></span> <span class='ocrx_word' id='word_1_196' title='bbox 608 2503 712 2563; x_wconf 89' lang='lat' dir='ltr'><strong>adesse</strong></span> <span class='ocrx_word' id='word_1_197' title='bbox 730 2503 873 2576; x_wconf 80' lang='lat' dir='ltr'><strong>canebat3</strong></span> 
     </span>
    </p>

    <p class='ocr_par' dir='ltr' id='par_1_22' title="bbox 139 2583 908 2658">
     <span class='ocr_line' id='line_1_32' title="bbox 139 2583 908 2658; baseline -0.004 -15"><span class='ocrx_word' id='word_1_198' title='bbox 139 2583 217 2643; x_wconf 90' lang='lat' dir='ltr'><strong>Galli</strong></span> <span class='ocrx_word' id='word_1_199' title='bbox 233 2601 285 2658; x_wconf 90' lang='lat' dir='ltr'><strong>per</strong></span> <span class='ocrx_word' id='word_1_200' title='bbox 303 2583 410 2641; x_wconf 90' lang='lat' dir='ltr'><strong>dumos</strong></span> <span class='ocrx_word' id='word_1_201' title='bbox 432 2583 563 2655; x_wconf 88' lang='lat' dir='ltr'><strong>aderant,</strong></span> <span class='ocrx_word' id='word_1_202' title='bbox 582 2601 739 2658; x_wconf 90' lang='lat' dir='ltr'><strong>arcemque</strong></span> <span class='ocrx_word' id='word_1_203' title='bbox 759 2584 908 2653; x_wconf 89' lang='lat' dir='ltr'><strong>tenebant,</strong></span> 
     </span>
    </p>

    <p class='ocr_par' dir='ltr' id='par_1_23' title="bbox 139 2661 812 2740">
     <span class='ocr_line' id='line_1_33' title="bbox 139 2661 812 2740; baseline 0.006 -18"><span class='ocrx_word' id='word_1_204' title='bbox 139 2663 262 2723; x_wconf 84' lang='lat' dir='ltr'><strong>Defensi</strong></span> <span class='ocrx_word' id='word_1_205' title='bbox 278 2661 405 2723; x_wconf 89' lang='lat' dir='ltr'><strong>tenebris</strong></span> <span class='ocrx_word' id='word_1_206' title='bbox 425 2673 454 2722; x_wconf 91' lang='lat' dir='ltr'><strong>et</strong></span> <span class='ocrx_word' id='word_1_207' title='bbox 472 2663 554 2722; x_wconf 91' lang='lat' dir='ltr'><strong>dono</strong></span> <span class='ocrx_word' id='word_1_208' title='bbox 575 2663 671 2723; x_wconf 91' lang='lat' dir='ltr'><strong>noctis</strong></span> <span class='ocrx_word' id='word_1_209' title='bbox 689 2683 812 2740; x_wconf 87' lang='lat' dir='ltr'><strong>opacae:</strong></span> 
     </span>
    </p>

    <p class='ocr_par' dir='ltr' id='par_1_24' title="bbox 138 2741 828 2819">
     <span class='ocr_line' id='line_1_34' title="bbox 138 2741 828 2819; baseline 0 -17"><span class='ocrx_word' id='word_1_210' title='bbox 138 2746 236 2804; x_wconf 90' lang='lat' dir='ltr'><strong>Aurea</strong></span> <span class='ocrx_word' id='word_1_211' title='bbox 254 2741 395 2803; x_wconf 84' lang='lat' dir='ltr'><strong>caesaries</strong></span> <span class='ocrx_word' id='word_1_212' title='bbox 413 2742 486 2816; x_wconf 90' lang='lat' dir='ltr'><strong>ollis,</strong></span> <span class='ocrx_word' id='word_1_213' title='bbox 508 2754 597 2819; x_wconf 88' lang='lat' dir='ltr'><strong>atque</strong></span> <span class='ocrx_word' id='word_1_214' title='bbox 615 2763 704 2804; x_wconf 87' lang='lat' dir='ltr'><strong>aurea</strong></span> <span class='ocrx_word' id='word_1_215' title='bbox 724 2744 809 2802; x_wconf 86' lang='lat' dir='ltr'><strong>vestis</strong></span> <span class='ocrx_word' id='word_1_216' title='bbox 818 2762 828 2816; x_wconf 78' lang='lat'><em>3</em></span> 
     </span>
    </p>

    <p class='ocr_par' dir='ltr' id='par_1_25' title="bbox 137 2823 1126 2980">
     <span class='ocr_line' id='line_1_35' title="bbox 138 2823 1126 2900; baseline -0.002 -17"><span class='ocrx_word' id='word_1_217' title='bbox 138 2824 265 2900; x_wconf 87' lang='lat' dir='ltr'><strong>Virgatis</strong></span> <span class='ocrx_word' id='word_1_218' title='bbox 281 2825 381 2883; x_wconf 91' lang='lat' dir='ltr'><strong>lucent</strong></span> <span class='ocrx_word' id='word_1_219' title='bbox 399 2823 525 2899; x_wconf 88' lang='lat' dir='ltr'><strong>sagulis;</strong></span> <span class='ocrx_word' id='word_1_220' title='bbox 545 2835 607 2883; x_wconf 90' lang='lat' dir='ltr'><strong>tum</strong></span> <span class='ocrx_word' id='word_1_221' title='bbox 624 2825 718 2884; x_wconf 89' lang='lat' dir='ltr'><strong>lactea</strong></span> <span class='ocrx_word' id='word_1_222' title='bbox 736 2825 813 2884; x_wconf 89' lang='lat' dir='ltr'><strong>colla</strong></span> <span class='ocrx_word' id='word_1_223' title='bbox 1073 2827 1126 2882; x_wconf 84' lang='lat'><strong>660</strong></span> 
     </span>
     <span class='ocr_line' id='line_1_36' title="bbox 137 2903 972 2980; baseline 0 -18"><span class='ocrx_word' id='word_1_224' title='bbox 137 2907 220 2963; x_wconf 92' lang='lat' dir='ltr'><strong>Auro</strong></span> <span class='ocrx_word' id='word_1_225' title='bbox 239 2904 428 2963; x_wconf 90' lang='lat' dir='ltr'><strong>innectuntur</strong></span> <span class='ocrx_word' id='word_1_226' title='bbox 437 2925 445 2976; x_wconf 88' lang='lat'>;</span> <span class='ocrx_word' id='word_1_227' title='bbox 464 2904 525 2962; x_wconf 94' lang='lat' dir='ltr'><strong>duo</strong></span> <span class='ocrx_word' id='word_1_228' title='bbox 543 2903 669 2978; x_wconf 89' lang='lat' dir='ltr'><strong>quisque</strong></span> <span class='ocrx_word' id='word_1_229' title='bbox 686 2903 796 2980; x_wconf 88' lang='lat' dir='ltr'><strong>Alpina</strong></span> <span class='ocrx_word' id='word_1_230' title='bbox 816 2912 972 2962; x_wconf 89' lang='lat' dir='ltr'><strong>coruscant</strong></span> 
     </span>
    </p>

    <p class='ocr_par' dir='ltr' id='par_1_26' title="bbox 138 2981 875 3058">
     <span class='ocr_line' id='line_1_37' title="bbox 138 2981 875 3058; baseline 0.001 -17"><span class='ocrx_word' id='word_1_231' title='bbox 138 2985 236 3041; x_wconf 89' lang='lat' dir='ltr'><strong>Gaesa</strong></span> <span class='ocrx_word' id='word_1_232' title='bbox 255 3001 353 3052; x_wconf 87' lang='lat' dir='ltr'><strong>manu,</strong></span> <span class='ocrx_word' id='word_1_233' title='bbox 371 2983 460 3040; x_wconf 90' lang='lat' dir='ltr'><strong>scutis</strong></span> <span class='ocrx_word' id='word_1_234' title='bbox 480 2981 604 3056; x_wconf 89' lang='lat' dir='ltr'><strong>protecti</strong></span> <span class='ocrx_word' id='word_1_235' title='bbox 621 3002 747 3058; x_wconf 90' lang='lat' dir='ltr'><strong>corpora</strong></span> <span class='ocrx_word' id='word_1_236' title='bbox 773 2982 875 3058; x_wconf 80' lang='lat' dir='ltr'><strong>longis,</strong></span> 
     </span>
    </p>

    <p class='ocr_par' dir='ltr' id='par_1_27' title="bbox 139 3059 887 3137">
     <span class='ocr_line' id='line_1_38' title="bbox 139 3059 887 3137; baseline 0.011 -24"><span class='ocrx_word' id='word_1_237' title='bbox 139 3059 201 3114; x_wconf 92' lang='lat' dir='ltr'><strong>Hic</strong></span> <span class='ocrx_word' id='word_1_238' title='bbox 224 3059 404 3115; x_wconf 82' lang='lat' dir='ltr'><strong>exsultantes</strong></span> <span class='ocrx_word' id='word_1_239' title='bbox 425 3059 526 3128; x_wconf 88' lang='lat' dir='ltr'><strong>Salios,</strong></span> <span class='ocrx_word' id='word_1_240' title='bbox 546 3061 702 3136; x_wconf 90' lang='lat' dir='ltr'><strong>nudosque</strong></span> <span class='ocrx_word' id='word_1_241' title='bbox 727 3063 887 3137; x_wconf 85' lang='lat' dir='ltr'><strong>Lupercos,</strong></span> 
     </span>
    </p>

    <p class='ocr_par' dir='ltr' id='par_1_28' title="bbox 138 3133 872 3213">
     <span class='ocr_line' id='line_1_39' title="bbox 138 3133 872 3213; baseline 0.02 -28"><span class='ocrx_word' id='word_1_242' title='bbox 138 3133 357 3204; x_wconf 85' lang='lat' dir='ltr'><strong>Lanigerosque</strong></span> <span class='ocrx_word' id='word_1_243' title='bbox 379 3134 487 3205; x_wconf 89' lang='lat' dir='ltr'><strong>apices,</strong></span> <span class='ocrx_word' id='word_1_244' title='bbox 511 3147 540 3194; x_wconf 92' lang='lat' dir='ltr'><strong>et</strong></span> <span class='ocrx_word' id='word_1_245' title='bbox 560 3139 642 3213; x_wconf 91' lang='lat' dir='ltr'><strong>lapsa</strong></span> <span class='ocrx_word' id='word_1_246' title='bbox 660 3140 766 3198; x_wconf 85' lang='lat' dir='ltr'><strong>ancilia</strong></span> <span class='ocrx_word' id='word_1_247' title='bbox 789 3142 872 3200; x_wconf 86' lang='lat' dir='ltr'><strong>caelo</strong></span> 
     </span>
    </p>

    <p class='ocr_par' dir='ltr' id='par_1_29' title="bbox 136 3209 1122 3369">
     <span class='ocr_line' id='line_1_40' title="bbox 137 3209 1122 3297; baseline 0.015 -31"><span class='ocrx_word' id='word_1_248' title='bbox 137 3209 321 3276; x_wconf 81' lang='lat' dir='ltr'><strong>Extuderat3</strong></span> <span class='ocrx_word' id='word_1_249' title='bbox 339 3219 437 3264; x_wconf 88' lang='lat' dir='ltr'><strong>castae</strong></span> <span class='ocrx_word' id='word_1_250' title='bbox 457 3211 606 3272; x_wconf 89' lang='lat' dir='ltr'><strong>ducebant</strong></span> <span class='ocrx_word' id='word_1_251' title='bbox 626 3235 709 3274; x_wconf 88' lang='lat' dir='ltr'><strong>sacra</strong></span> <span class='ocrx_word' id='word_1_252' title='bbox 732 3237 786 3292; x_wconf 90' lang='lat' dir='ltr'><strong>per</strong></span> <span class='ocrx_word' id='word_1_253' title='bbox 803 3220 907 3278; x_wconf 91' lang='lat' dir='ltr'><strong>urbem</strong></span> <span class='ocrx_word' id='word_1_254' title='bbox 1072 3223 1122 3297; x_wconf 79' lang='lat'><strong>665</strong></span> 
     </span>
     <span class='ocr_line' id='line_1_41' title="bbox 136 3283 941 3369; baseline 0.019 -28"><span class='ocrx_word' id='word_1_255' title='bbox 136 3283 257 3341; x_wconf 89' lang='lat' dir='ltr'><strong>Pilentis</strong></span> <span class='ocrx_word' id='word_1_256' title='bbox 276 3293 382 3341; x_wconf 89' lang='lat' dir='ltr'><strong>matres</strong></span> <span class='ocrx_word' id='word_1_257' title='bbox 401 3284 432 3338; x_wconf 89' lang='lat' dir='ltr'><strong>in</strong></span> <span class='ocrx_word' id='word_1_258' title='bbox 450 3289 595 3348; x_wconf 90' lang='lat' dir='ltr'><strong>mollibus.</strong></span> <span class='ocrx_word' id='word_1_259' title='bbox 640 3294 723 3351; x_wconf 90' lang='lat' dir='ltr'><strong>Hinc</strong></span> <span class='ocrx_word' id='word_1_260' title='bbox 739 3298 842 3369; x_wconf 91' lang='lat' dir='ltr'><strong>procul</strong></span> <span class='ocrx_word' id='word_1_261' title='bbox 856 3297 941 3356; x_wconf 85' lang='lat' dir='ltr'><strong>addit</strong></span> 
     </span>
    </p>
   </div>
   <div class='ocr_carea' id='block_1_3' title="bbox 0 0 1236 3678">
    <p class='ocr_par' dir='ltr' id='par_1_30' title="bbox 0 0 1236 3678">
     <span class='ocr_line' id='line_1_42' title="bbox 0 0 1236 3678; baseline 0 1"><span class='ocrx_word' id='word_1_262' title='bbox 0 0 1236 3678; x_wconf 95' lang='lat' dir='ltr'><strong> </strong></span> 
     </span>
    </p>
   </div>
  </div>
 </body>
</html>
