<?xml version="1.0" encoding="UTF-8"?>
<!DOCTYPE html PUBLIC "-//W3C//DTD XHTML 1.0 Transitional//EN"
    "http://www.w3.org/TR/xhtml1/DTD/xhtml1-transitional.dtd">
<html xmlns="http://www.w3.org/1999/xhtml" xml:lang="en" lang="en">
 <head>
  <title>
</title>
<meta http-equiv="Content-Type" content="text/html;charset=utf-8" />
  <meta name='ocr-system' content='tesseract 3.04.00' />
  <meta name='ocr-capabilities' content='ocr_page ocr_carea ocr_par ocr_line ocrx_word'/>
</head>
<body>
  <div class='ocr_page' id='page_1' title='image "./pvergilimaronis13virggoog/pvergilimaronis13virggoog_0248.png"; bbox 0 0 2460 3686; ppageno 0'>
   <div class='ocr_carea' id='block_1_1' title="bbox 386 87 1091 170">
    <p class='ocr_par' dir='ltr' id='par_1_1' title="bbox 386 87 1091 170">
     <span class='ocr_line' id='line_1_1' title="bbox 386 87 1091 170; baseline -0.004 -25"><span class='ocrx_word' id='word_1_1' title='bbox 386 87 735 146; x_wconf 67' lang='lat' dir='ltr'>rememorare.</span> <span class='ocrx_word' id='word_1_2' title='bbox 774 89 804 144; x_wconf 83' lang='lat' dir='ltr'>v.</span> <span class='ocrx_word' id='word_1_3' title='bbox 1035 114 1091 170; x_wconf 77' lang='lat'>239</span> 
     </span>
    </p>
   </div>
   <div class='ocr_carea' id='block_1_2' title="bbox 49 213 1095 3424">
    <p class='ocr_par' dir='ltr' id='par_1_2' title="bbox 49 213 1090 693">
     <span class='ocr_line' id='line_1_2' title="bbox 49 213 949 293; baseline -0.001 -17"><span class='ocrx_word' id='word_1_4' title='bbox 49 215 235 293; x_wconf 85' lang='lat' dir='ltr'><strong>‘Quique</strong></span> <span class='ocrx_word' id='word_1_5' title='bbox 255 213 366 292; x_wconf 91' lang='lat' dir='ltr'>pedum</span> <span class='ocrx_word' id='word_1_6' title='bbox 387 233 472 274; x_wconf 88' lang='lat' dir='ltr'>cursu</span> <span class='ocrx_word' id='word_1_7' title='bbox 492 217 578 288; x_wconf 86' lang='lat' dir='ltr'>valet,</span> <span class='ocrx_word' id='word_1_8' title='bbox 601 224 631 273; x_wconf 90' lang='lat' dir='ltr'>et</span> <span class='ocrx_word' id='word_1_9' title='bbox 651 213 703 291; x_wconf 88' lang='lat' dir='ltr'>qui</span> <span class='ocrx_word' id='word_1_10' title='bbox 723 214 832 274; x_wconf 92' lang='lat' dir='ltr'>viribus</span> <span class='ocrx_word' id='word_1_11' title='bbox 852 216 949 275; x_wconf 82' lang='lat' dir='ltr'>audax</span> 
     </span>
     <span class='ocr_line' id='line_1_3' title="bbox 53 293 886 371; baseline -0.001 -16"><span class='ocrx_word' id='word_1_12' title='bbox 53 299 175 357; x_wconf 90' lang='lat' dir='ltr'>‘Aut</span> <span class='ocrx_word' id='word_1_13' title='bbox 197 297 296 355; x_wconf 88' lang='lat' dir='ltr'>iaculo</span> <span class='ocrx_word' id='word_1_14' title='bbox 317 294 429 354; x_wconf 85' lang='lat' dir='ltr'><strong>incedit</strong></span> <span class='ocrx_word' id='word_1_15' title='bbox 449 295 553 354; x_wconf 89' lang='lat' dir='ltr'>melior</span> <span class='ocrx_word' id='word_1_16' title='bbox 573 293 746 371; x_wconf 89' lang='lat' dir='ltr'>levibusque</span> <span class='ocrx_word' id='word_1_17' title='bbox 766 295 886 371; x_wconf 78' lang='lat' dir='ltr'><strong>sagittis,</strong></span> 
     </span>
     <span class='ocr_line' id='line_1_4' title="bbox 52 375 856 451; baseline -0.005 -13"><span class='ocrx_word' id='word_1_18' title='bbox 52 379 169 438; x_wconf 89' lang='lat' dir='ltr'>‘Seu</span> <span class='ocrx_word' id='word_1_19' title='bbox 193 377 287 435; x_wconf 89' lang='lat' dir='ltr'>crudo</span> <span class='ocrx_word' id='word_1_20' title='bbox 308 375 373 434; x_wconf 88' lang='lat' dir='ltr'>fidit</span> <span class='ocrx_word' id='word_1_21' title='bbox 392 394 522 451; x_wconf 88' lang='lat' dir='ltr'>pugnam</span> <span class='ocrx_word' id='word_1_22' title='bbox 543 375 727 434; x_wconf 86' lang='lat' dir='ltr'>committere</span> <span class='ocrx_word' id='word_1_23' title='bbox 748 387 856 448; x_wconf 88' lang='lat' dir='ltr'>caestu,</span> 
     </span>
     <span class='ocr_line' id='line_1_5' title="bbox 54 455 1090 533; baseline -0.001 -16"><span class='ocrx_word' id='word_1_24' title='bbox 54 456 225 518; x_wconf 89' lang='lat' dir='ltr'>‘Cuncti</span> <span class='ocrx_word' id='word_1_25' title='bbox 245 455 352 528; x_wconf 87' lang='lat' dir='ltr'>adsint,</span> <span class='ocrx_word' id='word_1_26' title='bbox 374 457 554 532; x_wconf 84' lang='lat' dir='ltr'>meritaeque</span> <span class='ocrx_word' id='word_1_27' title='bbox 568 466 740 532; x_wconf 83' lang='lat' dir='ltr'>exspectent</span> <span class='ocrx_word' id='word_1_28' title='bbox 753 456 885 532; x_wconf 86' lang='lat' dir='ltr'>praemia</span> <span class='ocrx_word' id='word_1_29' title='bbox 904 458 1028 533; x_wconf 87' lang='lat' dir='ltr'>palmae.</span> <span class='ocrx_word' id='word_1_30' title='bbox 1054 474 1090 531; x_wconf 86' lang='lat'>70</span> 
     </span>
     <span class='ocr_line' id='line_1_6' title="bbox 56 535 890 613; baseline -0.005 -13"><span class='ocrx_word' id='word_1_31' title='bbox 56 540 177 600; x_wconf 87' lang='lat' dir='ltr'>‘Ore</span> <span class='ocrx_word' id='word_1_32' title='bbox 198 539 295 597; x_wconf 85' lang='lat' dir='ltr'>favete</span> <span class='ocrx_word' id='word_1_33' title='bbox 315 555 428 607; x_wconf 89' lang='lat' dir='ltr'>omnes,</span> <span class='ocrx_word' id='word_1_34' title='bbox 450 547 480 596; x_wconf 91' lang='lat' dir='ltr'>et</span> <span class='ocrx_word' id='word_1_35' title='bbox 500 535 609 613; x_wconf 86' lang='lat' dir='ltr'>cingite</span> <span class='ocrx_word' id='word_1_36' title='bbox 629 547 764 612; x_wconf 88' lang='lat' dir='ltr'>tempora</span> <span class='ocrx_word' id='word_1_37' title='bbox 784 536 890 596; x_wconf 81' lang='lat' dir='ltr'>ramis’</span> 
     </span>
     <span class='ocr_line' id='line_1_7' title="bbox 118 618 811 693; baseline -0.004 -14"><span class='ocrx_word' id='word_1_38' title='bbox 118 618 187 680; x_wconf 90' lang='lat' dir='ltr'>Sic</span> <span class='ocrx_word' id='word_1_39' title='bbox 206 619 283 677; x_wconf 84' lang='lat' dir='ltr'>satus</span> <span class='ocrx_word' id='word_1_40' title='bbox 303 618 381 676; x_wconf 91' lang='lat' dir='ltr'>velat</span> <span class='ocrx_word' id='word_1_41' title='bbox 402 627 535 676; x_wconf 89' lang='lat' dir='ltr'>materna</span> <span class='ocrx_word' id='word_1_42' title='bbox 555 628 689 693; x_wconf 91' lang='lat' dir='ltr'>tempora</span> <span class='ocrx_word' id='word_1_43' title='bbox 708 626 811 693; x_wconf 83' lang='lat' dir='ltr'>myrto</span> 
     </span>
    </p>

    <p class='ocr_par' dir='ltr' id='par_1_3' title="bbox 58 695 910 775">
     <span class='ocr_line' id='line_1_8' title="bbox 58 695 910 775; baseline -0.002 -17"><span class='ocrx_word' id='word_1_44' title='bbox 58 701 170 758; x_wconf 91' lang='lat' dir='ltr'>Hoc</span> <span class='ocrx_word' id='word_1_45' title='bbox 193 700 341 775; x_wconf 87' lang='lat' dir='ltr'>Helymus</span> <span class='ocrx_word' id='word_1_46' title='bbox 361 695 439 769; x_wconf 83' lang='lat' dir='ltr'>facit,</span> <span class='ocrx_word' id='word_1_47' title='bbox 460 698 518 756; x_wconf 91' lang='lat' dir='ltr'>hoc</span> <span class='ocrx_word' id='word_1_48' title='bbox 539 695 605 755; x_wconf 90' lang='lat' dir='ltr'>aevi</span> <span class='ocrx_word' id='word_1_49' title='bbox 626 705 756 756; x_wconf 89' lang='lat' dir='ltr'>maturus</span> <span class='ocrx_word' id='word_1_50' title='bbox 776 699 910 770; x_wconf 89' lang='lat' dir='ltr'>Acestes,</span> 
     </span>
    </p>

    <p class='ocr_par' dir='ltr' id='par_1_4' title="bbox 60 776 929 855">
     <span class='ocr_line' id='line_1_9' title="bbox 60 776 929 855; baseline -0.002 -16"><span class='ocrx_word' id='word_1_51' title='bbox 60 781 172 839; x_wconf 89' lang='lat' dir='ltr'>Hoc</span> <span class='ocrx_word' id='word_1_52' title='bbox 191 797 265 855; x_wconf 92' lang='lat' dir='ltr'>puer</span> <span class='ocrx_word' id='word_1_53' title='bbox 284 777 439 848; x_wconf 86' lang='lat' dir='ltr'>Ascanius,</span> <span class='ocrx_word' id='word_1_54' title='bbox 462 776 592 852; x_wconf 90' lang='lat' dir='ltr'>sequitur</span> <span class='ocrx_word' id='word_1_55' title='bbox 612 796 688 853; x_wconf 92' lang='lat' dir='ltr'>quos</span> <span class='ocrx_word' id='word_1_56' title='bbox 709 785 807 836; x_wconf 87' lang='lat' dir='ltr'>cetera</span> <span class='ocrx_word' id='word_1_57' title='bbox 826 778 929 853; x_wconf 80' lang='lat' dir='ltr'>pubes</span> 
     </span>
    </p>

    <p class='ocr_par' dir='ltr' id='par_1_5' title="bbox 61 856 1089 1014">
     <span class='ocr_line' id='line_1_10' title="bbox 61 856 1089 934; baseline -0.003 -16"><span class='ocrx_word' id='word_1_58' title='bbox 61 861 150 919; x_wconf 87' lang='lat' dir='ltr'>Ille</span> <span class='ocrx_word' id='word_1_59' title='bbox 175 877 193 918; x_wconf 90' lang='lat' dir='ltr'>e</span> <span class='ocrx_word' id='word_1_60' title='bbox 213 857 340 917; x_wconf 91' lang='lat' dir='ltr'>concilio</span> <span class='ocrx_word' id='word_1_61' title='bbox 361 857 460 917; x_wconf 91' lang='lat' dir='ltr'>multis</span> <span class='ocrx_word' id='word_1_62' title='bbox 480 877 549 916; x_wconf 90' lang='lat' dir='ltr'>cum</span> <span class='ocrx_word' id='word_1_63' title='bbox 570 856 688 916; x_wconf 89' lang='lat' dir='ltr'>milibus</span> <span class='ocrx_word' id='word_1_64' title='bbox 709 856 771 916; x_wconf 88' lang='lat' dir='ltr'>ibat</span> <span class='ocrx_word' id='word_1_65' title='bbox 1054 873 1089 934; x_wconf 80' lang='lat'>75</span> 
     </span>
     <span class='ocr_line' id='line_1_11' title="bbox 64 936 916 1014; baseline -0.004 -13"><span class='ocrx_word' id='word_1_66' title='bbox 64 941 143 1000; x_wconf 91' lang='lat' dir='ltr'>Ad</span> <span class='ocrx_word' id='word_1_67' title='bbox 169 939 323 1009; x_wconf 90' lang='lat' dir='ltr'>tumulum,</span> <span class='ocrx_word' id='word_1_68' title='bbox 345 957 452 1014; x_wconf 89' lang='lat' dir='ltr'>magna</span> <span class='ocrx_word' id='word_1_69' title='bbox 472 938 588 998; x_wconf 90' lang='lat' dir='ltr'>medius</span> <span class='ocrx_word' id='word_1_70' title='bbox 608 936 770 996; x_wconf 87' lang='lat' dir='ltr'>comitante</span> <span class='ocrx_word' id='word_1_71' title='bbox 791 948 916 998; x_wconf 83' lang='lat' dir='ltr'>caterva.</span> 
     </span>
    </p>

    <p class='ocr_par' dir='ltr' id='par_1_6' title="bbox 68 1017 844 1079">
     <span class='ocr_line' id='line_1_12' title="bbox 68 1017 844 1079; baseline -0.003 0"><span class='ocrx_word' id='word_1_72' title='bbox 68 1019 161 1079; x_wconf 92' lang='lat' dir='ltr'>Hic</span> <span class='ocrx_word' id='word_1_73' title='bbox 182 1019 242 1077; x_wconf 92' lang='lat' dir='ltr'>duo</span> <span class='ocrx_word' id='word_1_74' title='bbox 263 1019 317 1077; x_wconf 89' lang='lat' dir='ltr'>rite</span> <span class='ocrx_word' id='word_1_75' title='bbox 337 1037 419 1077; x_wconf 93' lang='lat' dir='ltr'>mero</span> <span class='ocrx_word' id='word_1_76' title='bbox 439 1018 536 1077; x_wconf 89' lang='lat' dir='ltr'>libans</span> <span class='ocrx_word' id='word_1_77' title='bbox 557 1017 705 1077; x_wconf 86' lang='lat' dir='ltr'>carchesia</span> <span class='ocrx_word' id='word_1_78' title='bbox 726 1018 844 1077; x_wconf 86' lang='lat' dir='ltr'>Baccho</span> 
     </span>
    </p>

    <p class='ocr_par' dir='ltr' id='par_1_7' title="bbox 69 1096 970 1256">
     <span class='ocr_line' id='line_1_13' title="bbox 69 1096 970 1172; baseline -0.004 -12"><span class='ocrx_word' id='word_1_79' title='bbox 69 1099 210 1160; x_wconf 90' lang='lat' dir='ltr'>Fundit</span> <span class='ocrx_word' id='word_1_80' title='bbox 230 1097 320 1164; x_wconf 91' lang='lat' dir='ltr'>humi,</span> <span class='ocrx_word' id='word_1_81' title='bbox 342 1098 404 1157; x_wconf 94' lang='lat' dir='ltr'>duo</span> <span class='ocrx_word' id='word_1_82' title='bbox 423 1099 500 1158; x_wconf 90' lang='lat' dir='ltr'>lacte</span> <span class='ocrx_word' id='word_1_83' title='bbox 521 1116 609 1170; x_wconf 89' lang='lat' dir='ltr'>nov0,</span> <span class='ocrx_word' id='word_1_84' title='bbox 631 1098 692 1157; x_wconf 92' lang='lat' dir='ltr'>duo</span> <span class='ocrx_word' id='word_1_85' title='bbox 714 1096 857 1172; x_wconf 88' lang='lat' dir='ltr'>sanguine</span> <span class='ocrx_word' id='word_1_86' title='bbox 878 1116 970 1168; x_wconf 88' lang='lat' dir='ltr'>sacro,</span> 
     </span>
     <span class='ocr_line' id='line_1_14' title="bbox 74 1177 792 1256; baseline -0.007 -16"><span class='ocrx_word' id='word_1_87' title='bbox 74 1185 326 1256; x_wconf 84' lang='lat' dir='ltr'>Purpureusque</span> <span class='ocrx_word' id='word_1_88' title='bbox 346 1177 415 1237; x_wconf 88' lang='lat' dir='ltr'>iacit</span> <span class='ocrx_word' id='word_1_89' title='bbox 436 1180 531 1249; x_wconf 91' lang='lat' dir='ltr'>flores,</span> <span class='ocrx_word' id='word_1_90' title='bbox 553 1197 588 1236; x_wconf 90' lang='lat' dir='ltr'>ac</span> <span class='ocrx_word' id='word_1_91' title='bbox 609 1178 679 1238; x_wconf 82' lang='lat' dir='ltr'>talia</span> <span class='ocrx_word' id='word_1_92' title='bbox 698 1180 792 1236; x_wconf 84' lang='lat' dir='ltr'>fatur:</span> 
     </span>
    </p>

    <p class='ocr_par' dir='ltr' id='par_1_8' title="bbox 73 1258 1093 1495">
     <span class='ocr_line' id='line_1_15' title="bbox 73 1258 1093 1334; baseline -0.006 -13"><span class='ocrx_word' id='word_1_93' title='bbox 73 1262 211 1330; x_wconf 72' lang='lat' dir='ltr'>‘Salve</span> <span class='ocrx_word' id='word_1_94' title='bbox 232 1269 334 1318; x_wconf 90' lang='lat' dir='ltr'>sancte</span> <span class='ocrx_word' id='word_1_95' title='bbox 354 1278 469 1334; x_wconf 90' lang='lat' dir='ltr'>parens,</span> <span class='ocrx_word' id='word_1_96' title='bbox 491 1258 615 1331; x_wconf 90' lang='lat' dir='ltr'>iterum;</span> <span class='ocrx_word' id='word_1_97' title='bbox 641 1260 760 1329; x_wconf 87' lang='lat' dir='ltr'>salvete,</span> <span class='ocrx_word' id='word_1_98' title='bbox 782 1258 894 1334; x_wconf 91' lang='lat' dir='ltr'>recepti</span> <span class='ocrx_word' id='word_1_99' title='bbox 1054 1261 1093 1315; x_wconf 92' lang='lat'>80</span> 
     </span>
     <span class='ocr_line' id='line_1_16' title="bbox 78 1338 1017 1416; baseline -0.004 -15"><span class='ocrx_word' id='word_1_100' title='bbox 78 1340 308 1416; x_wconf 87' lang='lat' dir='ltr'>‘Nequiquam</span> <span class='ocrx_word' id='word_1_101' title='bbox 330 1338 450 1410; x_wconf 91' lang='lat' dir='ltr'>cineres,</span> <span class='ocrx_word' id='word_1_102' title='bbox 472 1338 649 1413; x_wconf 81' lang='lat' dir='ltr'>animaeque</span> <span class='ocrx_word' id='word_1_103' title='bbox 669 1340 850 1414; x_wconf 86' lang='lat' dir='ltr'>umbraeque</span> <span class='ocrx_word' id='word_1_104' title='bbox 870 1347 1017 1415; x_wconf 86' lang='lat' dir='ltr'>paternae.</span> 
     </span>
     <span class='ocr_line' id='line_1_17' title="bbox 82 1419 778 1495; baseline -0.004 -14"><span class='ocrx_word' id='word_1_105' title='bbox 82 1423 191 1481; x_wconf 91' lang='lat' dir='ltr'>‘Non</span> <span class='ocrx_word' id='word_1_106' title='bbox 212 1419 294 1480; x_wconf 89' lang='lat' dir='ltr'>licuit</span> <span class='ocrx_word' id='word_1_107' title='bbox 314 1421 388 1478; x_wconf 88' lang='lat' dir='ltr'>fines</span> <span class='ocrx_word' id='word_1_108' title='bbox 409 1421 502 1479; x_wconf 87' lang='lat' dir='ltr'>Italos</span> <span class='ocrx_word' id='word_1_109' title='bbox 522 1420 680 1495; x_wconf 86' lang='lat' dir='ltr'>fataliaque</span> <span class='ocrx_word' id='word_1_110' title='bbox 701 1439 778 1493; x_wconf 89' lang='lat' dir='ltr'>arva,</span> 
     </span>
    </p>

    <p class='ocr_par' dir='ltr' id='par_1_9' title="bbox 64 1497 1091 1897">
     <span class='ocr_line' id='line_1_18' title="bbox 83 1497 1075 1576; baseline -0.004 -14"><span class='ocrx_word' id='word_1_111' title='bbox 83 1509 95 1537; x_wconf 91' lang='lat'>‘</span> <span class='ocrx_word' id='word_1_112' title='bbox 110 1503 185 1561; x_wconf 90' lang='lat' dir='ltr'>Nec</span> <span class='ocrx_word' id='word_1_113' title='bbox 198 1511 296 1560; x_wconf 91' lang='lat' dir='ltr'>tecum</span> <span class='ocrx_word' id='word_1_114' title='bbox 309 1498 483 1572; x_wconf 90' lang='lat' dir='ltr'>Ausonium,</span> <span class='ocrx_word' id='word_1_115' title='bbox 498 1499 678 1576; x_wconf 89' lang='lat' dir='ltr'>quicumque</span> <span class='ocrx_word' id='word_1_116' title='bbox 692 1511 748 1572; x_wconf 92' lang='lat' dir='ltr'>est,·</span> <span class='ocrx_word' id='word_1_117' title='bbox 761 1517 899 1575; x_wconf 86' lang='lat' dir='ltr'>quaerere</span> <span class='ocrx_word' id='word_1_118' title='bbox 914 1497 1075 1575; x_wconf 68' lang='lat' dir='ltr'>Thybrim!</span> 
     </span>
     <span class='ocr_line' id='line_1_19' title="bbox 64 1578 952 1657; baseline -0.005 -15"><span class='ocrx_word' id='word_1_119' title='bbox 64 1582 224 1642; x_wconf 84' lang='lat' dir='ltr'>-Dixerat</span> <span class='ocrx_word' id='word_1_120' title='bbox 244 1582 327 1652; x_wconf 85' lang='lat' dir='ltr'>haec,</span> <span class='ocrx_word' id='word_1_121' title='bbox 349 1580 445 1657; x_wconf 90' lang='lat' dir='ltr'>adytis</span> <span class='ocrx_word' id='word_1_122' title='bbox 465 1600 534 1640; x_wconf 89' lang='lat' dir='ltr'>eum</span> <span class='ocrx_word' id='word_1_123' title='bbox 554 1580 683 1639; x_wconf 90' lang='lat' dir='ltr'>lubricus</span> <span class='ocrx_word' id='word_1_124' title='bbox 703 1578 806 1656; x_wconf 86' lang='lat' dir='ltr'>anguis</span> <span class='ocrx_word' id='word_1_125' title='bbox 826 1581 865 1638; x_wconf 90' lang='lat' dir='ltr'>ab</span> <span class='ocrx_word' id='word_1_126' title='bbox 887 1578 952 1638; x_wconf 91' lang='lat' dir='ltr'>imis</span> 
     </span>
     <span class='ocr_line' id='line_1_20' title="bbox 86 1659 1091 1738; baseline -0.007 -15"><span class='ocrx_word' id='word_1_127' title='bbox 86 1665 220 1738; x_wconf 89' lang='lat' dir='ltr'>Septem</span> <span class='ocrx_word' id='word_1_128' title='bbox 241 1660 343 1738; x_wconf 87' lang='lat' dir='ltr'>ingens</span> <span class='ocrx_word' id='word_1_129' title='bbox 364 1680 458 1737; x_wconf 89' lang='lat' dir='ltr'>gyros,</span> <span class='ocrx_word' id='word_1_130' title='bbox 482 1671 606 1737; x_wconf 91' lang='lat' dir='ltr'>septena</span> <span class='ocrx_word' id='word_1_131' title='bbox 625 1659 776 1719; x_wconf 91' lang='lat' dir='ltr'>volumina</span> <span class='ocrx_word' id='word_1_132' title='bbox 796 1660 891 1732; x_wconf 87' lang='lat' dir='ltr'>traxit,</span> <span class='ocrx_word' id='word_1_133' title='bbox 1055 1661 1091 1733; x_wconf 85' lang='lat'>85</span> 
     </span>
     <span class='ocr_line' id='line_1_21' title="bbox 89 1740 930 1818; baseline -0.004 -17"><span class='ocrx_word' id='word_1_134' title='bbox 89 1744 264 1818; x_wconf 89' lang='lat' dir='ltr'>Amplexus</span> <span class='ocrx_word' id='word_1_135' title='bbox 284 1740 400 1818; x_wconf 88' lang='lat' dir='ltr'>placide</span> <span class='ocrx_word' id='word_1_136' title='bbox 421 1742 573 1811; x_wconf 91' lang='lat' dir='ltr'>tumulum,</span> <span class='ocrx_word' id='word_1_137' title='bbox 595 1742 754 1817; x_wconf 90' lang='lat' dir='ltr'>lapsusque</span> <span class='ocrx_word' id='word_1_138' title='bbox 774 1758 826 1816; x_wconf 88' lang='lat' dir='ltr'>per</span> <span class='ocrx_word' id='word_1_139' title='bbox 846 1759 930 1815; x_wconf 86' lang='lat' dir='ltr'>aras;</span> 
     </span>
     <span class='ocr_line' id='line_1_22' title="bbox 92 1823 886 1897; baseline -0.006 -13"><span class='ocrx_word' id='word_1_140' title='bbox 92 1824 263 1884; x_wconf 88' lang='lat' dir='ltr'>Caeruleae</span> <span class='ocrx_word' id='word_1_141' title='bbox 284 1823 333 1880; x_wconf 91' lang='lat' dir='ltr'>cui</span> <span class='ocrx_word' id='word_1_142' title='bbox 355 1834 435 1897; x_wconf 89' lang='lat' dir='ltr'>terga</span> <span class='ocrx_word' id='word_1_143' title='bbox 455 1832 553 1893; x_wconf 89' lang='lat' dir='ltr'>notae,</span> <span class='ocrx_word' id='word_1_144' title='bbox 575 1823 744 1880; x_wconf 88' lang='lat' dir='ltr'>maculosus</span> <span class='ocrx_word' id='word_1_145' title='bbox 765 1829 793 1880; x_wconf 92' lang='lat' dir='ltr'>et</span> <span class='ocrx_word' id='word_1_146' title='bbox 814 1839 886 1879; x_wconf 91' lang='lat' dir='ltr'>auro</span> 
     </span>
    </p>

    <p class='ocr_par' dir='ltr' id='par_1_10' title="bbox 90 1899 913 1979">
     <span class='ocr_line' id='line_1_23' title="bbox 90 1899 913 1979; baseline -0.006 -15"><span class='ocrx_word' id='word_1_147' title='bbox 90 1907 261 1979; x_wconf 85' lang='lat' dir='ltr'>Squamam</span> <span class='ocrx_word' id='word_1_148' title='bbox 282 1901 461 1961; x_wconf 85' lang='lat' dir='ltr'>incendebat</span> <span class='ocrx_word' id='word_1_149' title='bbox 481 1902 583 1977; x_wconf 84' lang='lat' dir='ltr'>fulgor,</span> <span class='ocrx_word' id='word_1_150' title='bbox 606 1920 661 1960; x_wconf 93' lang='lat' dir='ltr'>ceu</span> <span class='ocrx_word' id='word_1_151' title='bbox 681 1899 808 1959; x_wconf 87' lang='lat' dir='ltr'>nubibus</span> <span class='ocrx_word' id='word_1_152' title='bbox 828 1919 913 1959; x_wconf 91' lang='lat' dir='ltr'>arcus</span> 
     </span>
    </p>

    <p class='ocr_par' dir='ltr' id='par_1_11' title="bbox 93 1981 762 2042">
     <span class='ocr_line' id='line_1_24' title="bbox 93 1981 762 2042; baseline -0.006 0"><span class='ocrx_word' id='word_1_153' title='bbox 93 1984 188 2042; x_wconf 91' lang='lat' dir='ltr'>Mille</span> <span class='ocrx_word' id='word_1_154' title='bbox 207 1981 275 2042; x_wconf 90' lang='lat' dir='ltr'>iacit</span> <span class='ocrx_word' id='word_1_155' title='bbox 295 1981 391 2042; x_wconf 89' lang='lat' dir='ltr'>varios</span> <span class='ocrx_word' id='word_1_156' title='bbox 412 1982 535 2041; x_wconf 91' lang='lat' dir='ltr'>adverso</span> <span class='ocrx_word' id='word_1_157' title='bbox 556 1982 619 2040; x_wconf 93' lang='lat' dir='ltr'>sole</span> <span class='ocrx_word' id='word_1_158' title='bbox 639 1982 762 2040; x_wconf 91' lang='lat' dir='ltr'>colores.</span> 
     </span>
    </p>

    <p class='ocr_par' dir='ltr' id='par_1_12' title="bbox 92 2061 1095 2218">
     <span class='ocr_line' id='line_1_25' title="bbox 93 2061 1095 2139; baseline -0.01 -14"><span class='ocrx_word' id='word_1_159' title='bbox 93 2062 253 2139; x_wconf 92' lang='lat' dir='ltr'>Obstipuit</span> <span class='ocrx_word' id='word_1_160' title='bbox 272 2062 336 2121; x_wconf 91' lang='lat' dir='ltr'>visu</span> <span class='ocrx_word' id='word_1_161' title='bbox 357 2064 491 2121; x_wconf 84' lang='lat' dir='ltr'>Aeneas:</span> <span class='ocrx_word' id='word_1_162' title='bbox 518 2061 567 2120; x_wconf 89' lang='lat' dir='ltr'>ille</span> <span class='ocrx_word' id='word_1_163' title='bbox 588 2061 704 2137; x_wconf 89' lang='lat' dir='ltr'>agmine</span> <span class='ocrx_word' id='word_1_164' title='bbox 724 2062 815 2136; x_wconf 86' lang='lat' dir='ltr'>longo</span> <span class='ocrx_word' id='word_1_165' title='bbox 1057 2077 1095 2134; x_wconf 90' lang='lat'>90</span> 
     </span>
     <span class='ocr_line' id='line_1_26' title="bbox 92 2140 884 2218; baseline -0.008 -13"><span class='ocrx_word' id='word_1_166' title='bbox 92 2144 237 2205; x_wconf 89' lang='lat' dir='ltr'>Tandem</span> <span class='ocrx_word' id='word_1_167' title='bbox 258 2142 335 2202; x_wconf 91' lang='lat' dir='ltr'>inter</span> <span class='ocrx_word' id='word_1_168' title='bbox 353 2153 467 2218; x_wconf 88' lang='lat' dir='ltr'>pateras</span> <span class='ocrx_word' id='word_1_169' title='bbox 489 2152 519 2201; x_wconf 89' lang='lat' dir='ltr'>et</span> <span class='ocrx_word' id='word_1_170' title='bbox 538 2140 615 2201; x_wconf 91' lang='lat' dir='ltr'>levia</span> <span class='ocrx_word' id='word_1_171' title='bbox 635 2140 744 2217; x_wconf 91' lang='lat' dir='ltr'>pocula</span> <span class='ocrx_word' id='word_1_172' title='bbox 765 2158 884 2216; x_wconf 90' lang='lat' dir='ltr'>serpens</span> 
     </span>
    </p>

    <p class='ocr_par' dir='ltr' id='par_1_13' title="bbox 94 2218 814 2314">
     <span class='ocr_line' id='line_1_27' title="bbox 94 2218 814 2314; baseline -0.007 -30"><span class='ocrx_word' id='word_1_173' title='bbox 94 2224 276 2314; x_wconf 89' lang='lat' dir='ltr'>Libavitque</span> <span class='ocrx_word' id='word_1_174' title='bbox 296 2224 398 2299; x_wconf 91' lang='lat' dir='ltr'>dapes,</span> <span class='ocrx_word' id='word_1_175' title='bbox 419 2241 576 2298; x_wconf 85' lang='lat' dir='ltr'>rursusque</span> <span class='ocrx_word' id='word_1_176' title='bbox 595 2219 733 2280; x_wconf 80' lang='lat' dir='ltr'>innoxius</span> <span class='ocrx_word' id='word_1_177' title='bbox 754 2218 814 2279; x_wconf 90' lang='lat' dir='ltr'>imo</span> 
     </span>
    </p>

    <p class='ocr_par' dir='ltr' id='par_1_14' title="bbox 95 2299 819 2394">
     <span class='ocr_line' id='line_1_28' title="bbox 95 2299 819 2394; baseline -0.011 -28"><span class='ocrx_word' id='word_1_178' title='bbox 95 2303 247 2366; x_wconf 92' lang='lat' dir='ltr'>Successit</span> <span class='ocrx_word' id='word_1_179' title='bbox 264 2304 389 2394; x_wconf 84' lang='lat' dir='ltr'>tumulo,</span> <span class='ocrx_word' id='word_1_180' title='bbox 412 2314 442 2363; x_wconf 90' lang='lat' dir='ltr'>et</span> <span class='ocrx_word' id='word_1_181' title='bbox 463 2303 586 2378; x_wconf 86' lang='lat' dir='ltr'>depasta</span> <span class='ocrx_word' id='word_1_182' title='bbox 606 2301 708 2360; x_wconf 87' lang='lat' dir='ltr'>altaria</span> <span class='ocrx_word' id='word_1_183' title='bbox 728 2299 819 2376; x_wconf 86' lang='lat' dir='ltr'>liquit</span> 
     </span>
    </p>

    <p class='ocr_par' dir='ltr' id='par_1_15' title="bbox 97 2382 906 2474">
     <span class='ocr_line' id='line_1_29' title="bbox 97 2382 906 2474; baseline -0.006 -29"><span class='ocrx_word' id='word_1_184' title='bbox 97 2389 174 2445; x_wconf 90' lang='lat' dir='ltr'>Hoc</span> <span class='ocrx_word' id='word_1_185' title='bbox 194 2383 287 2462; x_wconf 92' lang='lat' dir='ltr'>magis</span> <span class='ocrx_word' id='word_1_186' title='bbox 306 2383 442 2460; x_wconf 90' lang='lat' dir='ltr'>inceptos</span> <span class='ocrx_word' id='word_1_187' title='bbox 462 2382 588 2474; x_wconf 80' lang='lat' dir='ltr'>genitori</span> <span class='ocrx_word' id='word_1_188' title='bbox 608 2382 749 2441; x_wconf 88' lang='lat' dir='ltr'>instaurat</span> <span class='ocrx_word' id='word_1_189' title='bbox 770 2382 906 2472; x_wconf 72' lang='lat' dir='ltr'>honores</span> 
     </span>
    </p>

    <p class='ocr_par' dir='ltr' id='par_1_16' title="bbox 97 2461 1092 2622">
     <span class='ocr_line' id='line_1_30' title="bbox 97 2461 1092 2538; baseline -0.006 -12"><span class='ocrx_word' id='word_1_190' title='bbox 97 2468 245 2538; x_wconf 65' lang='lat' dir='ltr'>Incertus</span> <span class='ocrx_word' id='word_1_191' title='bbox 267 2464 436 2524; x_wconf 89' lang='lat' dir='ltr'>Geniumne</span> <span class='ocrx_word' id='word_1_192' title='bbox 455 2462 514 2523; x_wconf 88' lang='lat' dir='ltr'>loci</span> <span class='ocrx_word' id='word_1_193' title='bbox 534 2464 717 2521; x_wconf 81' lang='lat' dir='ltr'>famulumne</span> <span class='ocrx_word' id='word_1_194' title='bbox 737 2461 866 2537; x_wconf 90' lang='lat' dir='ltr'>parentis</span> <span class='ocrx_word' id='word_1_195' title='bbox 1056 2476 1092 2537; x_wconf 86' lang='lat'>95</span> 
     </span>
     <span class='ocr_line' id='line_1_31' title="bbox 98 2541 857 2622; baseline -0.008 -16"><span class='ocrx_word' id='word_1_196' title='bbox 98 2550 176 2606; x_wconf 91' lang='lat' dir='ltr'>Esse</span> <span class='ocrx_word' id='word_1_197' title='bbox 196 2555 299 2622; x_wconf 90' lang='lat' dir='ltr'>putet·</span> <span class='ocrx_word' id='word_1_198' title='bbox 327 2543 425 2605; x_wconf 91' lang='lat' dir='ltr'>caedit</span> <span class='ocrx_word' id='word_1_199' title='bbox 445 2544 530 2603; x_wconf 91' lang='lat' dir='ltr'>binas</span> <span class='ocrx_word' id='word_1_200' title='bbox 551 2543 589 2602; x_wconf 94' lang='lat' dir='ltr'>de</span> <span class='ocrx_word' id='word_1_201' title='bbox 609 2561 691 2602; x_wconf 90' lang='lat' dir='ltr'>more</span> <span class='ocrx_word' id='word_1_202' title='bbox 712 2541 857 2612; x_wconf 89' lang='lat' dir='ltr'>bidentes,</span> 
     </span>
    </p>

    <p class='ocr_par' dir='ltr' id='par_1_17' title="bbox 98 2623 916 2702">
     <span class='ocr_line' id='line_1_32' title="bbox 98 2623 916 2702; baseline -0.007 -15"><span class='ocrx_word' id='word_1_203' title='bbox 98 2631 220 2702; x_wconf 90' lang='lat' dir='ltr'>Totque</span> <span class='ocrx_word' id='word_1_204' title='bbox 241 2644 318 2697; x_wconf 77' lang='lat' dir='ltr'>sueS,</span> <span class='ocrx_word' id='word_1_205' title='bbox 340 2624 465 2684; x_wconf 89' lang='lat' dir='ltr'>totidem</span> <span class='ocrx_word' id='word_1_206' title='bbox 486 2623 634 2700; x_wconf 89' lang='lat' dir='ltr'>nigrantes</span> <span class='ocrx_word' id='word_1_207' title='bbox 656 2633 737 2698; x_wconf 89' lang='lat' dir='ltr'>terga</span> <span class='ocrx_word' id='word_1_208' title='bbox 757 2623 916 2681; x_wconf 84' lang='lat' dir='ltr'>iuvencos·</span> <span class='ocrx_word' id='word_1_209' title='bbox 907 2665 916 2694; x_wconf 96' lang='lat'>,</span> 
     </span>
    </p>

    <p class='ocr_par' dir='ltr' id='par_1_18' title="bbox 99 2671 897 2796">
     <span class='ocr_line' id='line_1_33' title="bbox 99 2671 897 2796; baseline -0.005 -31"><span class='ocrx_word' id='word_1_210' title='bbox 99 2709 240 2782; x_wconf 91' lang='lat' dir='ltr'>Vinaque</span> <span class='ocrx_word' id='word_1_211' title='bbox 259 2671 403 2796; x_wconf 71' lang='lat' dir='ltr'>fundebat</span> <span class='ocrx_word' id='word_1_212' title='bbox 422 2703 541 2780; x_wconf 91' lang='lat' dir='ltr'>pateris,</span> <span class='ocrx_word' id='word_1_213' title='bbox 563 2703 751 2778; x_wconf 90' lang='lat' dir='ltr'>animamque</span> <span class='ocrx_word' id='word_1_214' title='bbox 770 2703 897 2761; x_wconf 88' lang='lat' dir='ltr'>vocabat</span> 
     </span>
    </p>

    <p class='ocr_par' dir='ltr' id='par_1_19' title="bbox 99 2781 910 2876">
     <span class='ocr_line' id='line_1_34' title="bbox 99 2781 910 2876; baseline -0.009 -30"><span class='ocrx_word' id='word_1_215' title='bbox 99 2787 249 2847; x_wconf 90' lang='lat' dir='ltr'>Anchisae</span> <span class='ocrx_word' id='word_1_216' title='bbox 270 2784 370 2862; x_wconf 82' lang='lat' dir='ltr'>magni</span> <span class='ocrx_word' id='word_1_217' title='bbox 386 2803 568 2876; x_wconf 29' lang='lat' dir='ltr'>‘manesque</span> <span class='ocrx_word' id='word_1_218' title='bbox 573 2784 744 2842; x_wconf 84' lang='lat' dir='ltr'>Acheronte</span> <span class='ocrx_word' id='word_1_219' title='bbox 764 2781 910 2841; x_wconf 90' lang='lat' dir='ltr'>remissos</span> 
     </span>
    </p>

    <p class='ocr_par' dir='ltr' id='par_1_20' title="bbox 101 2860 1095 3018">
     <span class='ocr_line' id='line_1_35' title="bbox 101 2860 1095 2951; baseline -0.008 -25"><span class='ocrx_word' id='word_1_220' title='bbox 101 2870 250 2928; x_wconf 91' lang='lat' dir='ltr'>Necnon</span> <span class='ocrx_word' id='word_1_221' title='bbox 270 2876 300 2925; x_wconf 90' lang='lat' dir='ltr'>et</span> <span class='ocrx_word' id='word_1_222' title='bbox 321 2863 402 2936; x_wconf 87' lang='lat' dir='ltr'>socii,</span> <span class='ocrx_word' id='word_1_223' title='bbox 424 2883 501 2941; x_wconf 90' lang='lat' dir='ltr'>quae</span> <span class='ocrx_word' id='word_1_224' title='bbox 522 2862 628 2940; x_wconf 90' lang='lat' dir='ltr'>cuique</span> <span class='ocrx_word' id='word_1_225' title='bbox 649 2872 694 2922; x_wconf 91' lang='lat' dir='ltr'>est</span> <span class='ocrx_word' id='word_1_226' title='bbox 714 2863 810 2951; x_wconf 83' lang='lat' dir='ltr'>copia,</span> <span class='ocrx_word' id='word_1_227' title='bbox 833 2860 902 2920; x_wconf 88' lang='lat' dir='ltr'>laeti</span> <span class='ocrx_word' id='word_1_228' title='bbox 1040 2877 1095 2918; x_wconf 91' lang='lat'>100</span> 
     </span>
     <span class='ocr_line' id='line_1_36' title="bbox 101 2940 946 3018; baseline -0.01 -10"><span class='ocrx_word' id='word_1_229' title='bbox 101 2951 192 3008; x_wconf 88' lang='lat' dir='ltr'>Dona</span> <span class='ocrx_word' id='word_1_230' title='bbox 211 2949 316 3018; x_wconf 85' lang='lat' dir='ltr'>ferunt,</span> <span class='ocrx_word' id='word_1_231' title='bbox 338 2955 462 3004; x_wconf 90' lang='lat' dir='ltr'>onerant</span> <span class='ocrx_word' id='word_1_232' title='bbox 482 2963 556 3014; x_wconf 88' lang='lat' dir='ltr'>aras,</span> <span class='ocrx_word' id='word_1_233' title='bbox 577 2952 767 3018; x_wconf 88' lang='lat' dir='ltr'>mactantque</span> <span class='ocrx_word' id='word_1_234' title='bbox 788 2940 946 3000; x_wconf 63' lang='lat' dir='ltr'>iuvencos</span> 
     </span>
    </p>

    <p class='ocr_par' dir='ltr' id='par_1_21' title="bbox 102 3021 891 3101">
     <span class='ocr_line' id='line_1_37' title="bbox 102 3021 891 3101; baseline -0.016 -10"><span class='ocrx_word' id='word_1_235' title='bbox 102 3027 214 3091; x_wconf 90' lang='lat' dir='ltr'>Ordine</span> <span class='ocrx_word' id='word_1_236' title='bbox 235 3045 310 3087; x_wconf 87' lang='lat' dir='ltr'>aena</span> <span class='ocrx_word' id='word_1_237' title='bbox 330 3028 430 3085; x_wconf 89' lang='lat' dir='ltr'>locant</span> <span class='ocrx_word' id='word_1_238' title='bbox 449 3025 507 3097; x_wconf 87' lang='lat' dir='ltr'>alii,</span> <span class='ocrx_word' id='word_1_239' title='bbox 528 3023 643 3101; x_wconf 86' lang='lat' dir='ltr'>lusique</span> <span class='ocrx_word' id='word_1_240' title='bbox 663 3041 715 3099; x_wconf 92' lang='lat' dir='ltr'>per</span> <span class='ocrx_word' id='word_1_241' title='bbox 735 3021 891 3082; x_wconf 88' lang='lat' dir='ltr'>herbam</span> 
     </span>
    </p>

    <p class='ocr_par' dir='ltr' id='par_1_22' title="bbox 101 3103 850 3183">
     <span class='ocr_line' id='line_1_38' title="bbox 101 3103 850 3183; baseline -0.012 -14"><span class='ocrx_word' id='word_1_242' title='bbox 101 3106 256 3169; x_wconf 86' lang='lat' dir='ltr'>Subiciunt</span> <span class='ocrx_word' id='word_1_243' title='bbox 275 3105 392 3167; x_wconf 89' lang='lat' dir='ltr'>veribus</span> <span class='ocrx_word' id='word_1_244' title='bbox 412 3125 529 3183; x_wconf 89' lang='lat' dir='ltr'>prunas,</span> <span class='ocrx_word' id='word_1_245' title='bbox 551 3114 581 3164; x_wconf 91' lang='lat' dir='ltr'>et</span> <span class='ocrx_word' id='word_1_246' title='bbox 601 3103 712 3163; x_wconf 90' lang='lat' dir='ltr'>viscera</span> <span class='ocrx_word' id='word_1_247' title='bbox 732 3111 850 3162; x_wconf 89' lang='lat' dir='ltr'>torrent</span> 
     </span>
    </p>

    <p class='ocr_par' dir='ltr' id='par_1_23' title="bbox 141 3186 852 3264">
     <span class='ocr_line' id='line_1_39' title="bbox 141 3186 852 3264; baseline -0.01 -16"><span class='ocrx_word' id='word_1_248' title='bbox 141 3191 323 3264; x_wconf 86' lang='lat' dir='ltr'>Exspectata</span> <span class='ocrx_word' id='word_1_249' title='bbox 342 3186 406 3247; x_wconf 89' lang='lat' dir='ltr'>dies</span> <span class='ocrx_word' id='word_1_250' title='bbox 426 3187 536 3257; x_wconf 86' lang='lat' dir='ltr'>aderat,</span> <span class='ocrx_word' id='word_1_251' title='bbox 557 3203 728 3260; x_wconf 88' lang='lat' dir='ltr'>nonamque</span> <span class='ocrx_word' id='word_1_252' title='bbox 749 3201 852 3242; x_wconf 89' lang='lat' dir='ltr'>serena</span> 
     </span>
    </p>

    <p class='ocr_par' dir='ltr' id='par_1_24' title="bbox 102 3264 1094 3424">
     <span class='ocr_line' id='line_1_40' title="bbox 102 3264 1094 3340; baseline -0.013 -11"><span class='ocrx_word' id='word_1_253' title='bbox 102 3273 246 3329; x_wconf 91' lang='lat' dir='ltr'>Auroram</span> <span class='ocrx_word' id='word_1_254' title='bbox 268 3265 461 3327; x_wconf 86' lang='lat' dir='ltr'>Pha&#39;e&#39;thontis</span> <span class='ocrx_word' id='word_1_255' title='bbox 482 3264 553 3340; x_wconf 91' lang='lat' dir='ltr'>equi</span> <span class='ocrx_word' id='word_1_256' title='bbox 572 3265 631 3324; x_wconf 88' lang='lat' dir='ltr'>iam</span> <span class='ocrx_word' id='word_1_257' title='bbox 651 3266 717 3324; x_wconf 90' lang='lat' dir='ltr'>luce</span> <span class='ocrx_word' id='word_1_258' title='bbox 737 3264 894 3335; x_wconf 86' lang='lat' dir='ltr'>vehebant,</span> <span class='ocrx_word' id='word_1_259' title='bbox 1040 3275 1094 3335; x_wconf 83' lang='lat'>105</span> 
     </span>
     <span class='ocr_line' id='line_1_41' title="bbox 104 3344 835 3424; baseline -0.014 -14"><span class='ocrx_word' id='word_1_260' title='bbox 104 3353 254 3424; x_wconf 87' lang='lat' dir='ltr'>Famaque</span> <span class='ocrx_word' id='word_1_261' title='bbox 275 3347 416 3407; x_wconf 89' lang='lat' dir='ltr'>finitimos</span> <span class='ocrx_word' id='word_1_262' title='bbox 437 3355 467 3406; x_wconf 91' lang='lat' dir='ltr'>et</span> <span class='ocrx_word' id='word_1_263' title='bbox 487 3344 557 3406; x_wconf 86' lang='lat' dir='ltr'>clari</span> <span class='ocrx_word' id='word_1_264' title='bbox 577 3363 688 3404; x_wconf 90' lang='lat' dir='ltr'>nomen</span> <span class='ocrx_word' id='word_1_265' title='bbox 709 3347 835 3402; x_wconf 89' lang='lat' dir='ltr'>Acestae</span> 
     </span>
    </p>
   </div>
   <div class='ocr_carea' id='block_1_3' title="bbox 0 0 1268 3686">
    <p class='ocr_par' dir='ltr' id='par_1_25' title="bbox 0 0 1268 3686">
     <span class='ocr_line' id='line_1_42' title="bbox 0 0 1268 3686; baseline 0 0"><span class='ocrx_word' id='word_1_266' title='bbox 0 0 1268 3686; x_wconf 95' lang='lat' dir='ltr'> </span> 
     </span>
    </p>
   </div>
  </div>
 </body>
</html>
