2460 3686
409 89 650 150 AENEIDOS
669 90 753 150 LIB.
780 91 803 150 I
808 93 837 150 V.
1050 110 1104 170 235

91 216 192 292 ‘Qui
211 219 276 278 face
298 217 463 278 Dardanios
484 221 619 296 ferroque
641 238 763 296 sequare
787 222 919 292 colonos,

91 301 229 370 ‘Nunc
252 298 332 370 olim,
356 301 544 376 quocumque
566 301 678 359 dabunt
699 319 731 360 se
752 311 886 376 tempore
906 299 987 376 vires

90 379 231 439 ‘Litora
251 379 383 439 litoribus
407 379 559 453 contraria,
583 380 719 440 fluctibus
740 382 834 440 undas

91 461 282 537 ‘Inprecor‚
304 479 384 519 arma
404 460 509 532 armis;
530 471 663 537 pugnent
685 460 800 537 ipsique
820 462 1023 538 nepotesque’

148 542 241 599 Haec
260 539 308 614 ait,
331 551 361 599 et
381 551 478 616 partes
498 540 631 599 animum
645 541 778 602 versabat
798 539 830 600 in
850 561 963 614 omneS,
1047 545 1107 616 630

92 621 243 680 Invisam
264 639 407 696 quaerens
428 639 519 696 quam
540 620 668 697 primum
688 621 862 698 abrumpere
882 623 988 682 lucem.

92 702 192 759 Tum
215 700 340 761 breviter
361 703 472 760 Barcen
493 701 637 760 nutricem
658 701 757 760 adfata
777 701 919 778 Sychaei;

95 783 253 857 Namque
273 801 357 840 suam
377 780 471 858 patria
490 777 612 857 antiqua
635 781 710 840 cinis
730 792 793 840 ater
813 783 959 843 habebat:

95 865 248 919 ‘Annam
271 880 338 920 cara
359 861 432 919 mihi
451 861 547 920 nutrix
567 864 626 921 huc
646 861 716 921 siste
739 880 887 936 sororem3

96 941 197 1014 ‘Dic,
219 960 325 1018 corpus
347 953 483 1018 properet
504 941 613 1000 fluviali
635 961 769 1019 spargere
790 943 918 1018 lympha,
1049 947 1104 1019 635

98 1023 168 1081 ‘Et
189 1022 318 1098 pecudes
339 1041 441 1082 secum
461 1033 491 1082 et
512 1033 674 1081 monstrata
694 1023 808 1099 piacula
829 1024 931 1082 ducat:

97 1101 177 1162 ‘Sic
197 1102 304 1173 veniat,
326 1113 417 1178 tuque
438 1100 502 1178 ipsa
522 1103 571 1178 pia
591 1115 657 1178 tege
681 1113 816 1180 tempora
835 1102 916 1162 vitta

100 1183 216 1244 ‘Sacra
236 1183 301 1241 Iovi
320 1181 430 1259 Stygio,
451 1201 527 1258 quae
548 1181 602 1242 rite
624 1184 743 1259 incepta
766 1181 872 1258 paravi,

100 1265 272 1322 ‘Perficere
294 1274 338 1322 est
359 1262 483 1337 animus,
509 1265 658 1339 finemque
682 1263 823 1338 inponere
846 1261 940 1338 curis;

101 1341 332 1419 ‘Dardaniique
355 1363 458 1419 rogum
479 1342 583 1419 capitis
605 1342 773 1421 permittere
793 1344 946 1402 flammae.’
1047 1347 1105 1415 64ο

102 1423 158 1484 Sic
179 1422 228 1483 ait.
272 1425 328 1483 Illa
348 1424 472 1501 gradum
493 1423 593 1483 studio
617 1425 764 1484 celerabat
784 1423 862 1483 anili.

102 1509 150 1562 At
175 1503 290 1579 trepida
311 1516 341 1564 et
363 1503 477 1580 coeptis
500 1503 669 1564 inmanibus
691 1505 779 1563 effera
801 1504 889 1577 Did0,

103 1584 309 1661 Sanguineam
332 1587 455 1644 volvens
475 1583 577 1655 aciem,
603 1585 785 1661 maculisque
807 1596 966 1646 trementes

104 1666 257 1724 Interlusa
278 1683 378 1741 genas,
404 1675 434 1724 et
458 1665 568 1741 pallida
591 1677 686 1725 morte
709 1667 814 1736 futura,

105 1745 256 1805 Interiora
276 1747 383 1805 domus
404 1744 547 1821 inrumpit
570 1745 680 1816 limina,
703 1758 733 1805 et
756 1747 832 1806 altos
1047 1750 1102 1823 645

105 1825 294 1888 Conscendit
314 1825 472 1886 furibunda
493 1845 589 1902 rogos,
615 1845 776 1902 ensemque
798 1825 923 1886 recludit

104 1906 302 1979 Dardanium,
325 1926 386 1966 non
407 1907 463 1964 hos
485 1906 650 1980 quaesitum
674 1925 781 1965 munus
803 1905 834 1964 in
858 1925 936 1967 usus.

106 1986 173 2046 Hic
196 1998 354 2063 postquam
377 1987 484 2045 Iliacas
508 1997 605 2048 vestes
627 1997 791 2062 notumque
813 1986 912 2045 cubile

104 2065 282 2143 Conspexit,
304 2068 425 2144 paulurn
446 2065 573 2126 lacrimis
596 2078 626 2126 et
649 2077 749 2125 mente
772 2078 894 2138 morata,

105 2147 310 2223 Incubuitque
333 2158 406 2218 toro,
429 2146 561 2223 dixitque
585 2146 745 2206 novissima
768 2147 874 2206 verba:
1047 2151 1104 2225 650

108 2229 239 2288 ‘Dulces
263 2228 393 2298 exuviae,
417 2228 489 2286 dum
511 2230 571 2286 fata
593 2229 726 2303 deusque
750 2226 894 2298 sinebant,

107 2307 263 2385 ‘Accipite
287 2308 365 2366 hanc
388 2307 526 2378 animam,
549 2327 658 2383 meque
680 2307 724 2366 his
750 2307 891 2366 exsolvite
915 2307 997 2367 curis.

108 2389 206 2462 ‘Vixi
227 2399 265 2458 et,
288 2407 378 2464 quern
402 2388 524 2448 dederat
549 2407 668 2447 cursum
692 2389 819 2459 fortuna,
843 2389 943 2465 peregi
953 2409 962 2462 5

107 2472 167 2528 ‘Et
188 2487 269 2528 nunc
290 2487 398 2544 magna
419 2467 478 2527 mei
498 2469 554 2528 sub
575 2479 665 2528 terras
687 2467 741 2527 ibit
761 2468 866 2545 imago.

108 2550 243 2610 ‘Urbem
263 2550 444 2624 praeclaram
465 2547 571 2620 statui3
591 2567 659 2608 mea
679 2549 797 2608 moenia
816 2549 895 2607 vidi:
1043 2552 1101 2626 655

110 2631 204 2690 ‘Ulta
225 2629 328 2701 virum,
350 2647 462 2704 poenas
482 2628 603 2688 inimico
624 2649 642 2687 a
662 2629 748 2688 fratre
768 2629 885 2704 recepi:

109 2709 220 2780 ‘Felix
241 2710 300 2768 heu
321 2707 444 2767 nimium
466 2708 542 2782 felix,
564 2709 589 2768 si
608 2707 694 2768 litora
713 2719 828 2768 tantum

109 2791 301 2866 ‘Numquam
324 2789 491 2848 Dardaniae
511 2788 675 2865 tetigissent
695 2799 795 2847 nostra
815 2787 965 2848 carinael'

108 2869 211 2930 Dixit:
232 2881 262 2929 et
283 2888 317 2928 os
337 2868 469 2946 inpressa
488 2880 562 2941 toro,
588 2868 768 2928 ‘Moriemur
788 2867 909 2941 inultae,

109 2951 187 3010 ‘Sed
207 2949 381 3021 moriamur,'
402 2950 451 3009 ait.
496 2949 568 3021 ‘Sic
591 2948 634 3008 sic
654 2947 734 3007 iuvat
754 2947 796 3006 ire
816 2950 870 3008 sub
892 2950 1017 3009 umbras.
1045 2952 1103 3009 660

111 3029 256 3090 ‘Hauriat
276 3031 358 3088 hunc
380 3029 472 3089 oculis
492 3027 591 3106 ignem
612 3028 737 3088 crudelis
757 3028 795 3087 ab
816 3029 876 3088 alto

110 3111 295 3182 ‘Dardanus
318 3120 348 3169 et
368 3121 484 3185 nostrae
505 3129 606 3170 secum
627 3109 700 3168 ferat
720 3108 821 3168 omina
841 3107 960 3170 mortis!

151 3191 290 3252 Dixerat:
317 3200 407 3266 atque
428 3190 506 3249 illam
528 3190 626 3250 media
646 3188 722 3248 inter
742 3189 814 3249 talia
834 3190 910 3250 ferro

112 3273 291 3349 Conlapsam
311 3269 457 3347 aspiciunt
478 3271 610 3344 comites,
632 3288 793 3344 ensemque
813 3289 916 3330 cruore

111 3355 312 3431 Spumantem,
337 3368 512 3428 sparsasque
531 3369 643 3410 manus
689 3353 717 3410 It
737 3351 848 3409 clamor
868 3350 907 3409 ad
928 3351 986 3409 alta
1048 3352 1103 3425 665
