2494 3702
130 83 185 156 15⁶
387 87 423 144 a
446 86 637 146 annom
650 85 862 145 Maioma

128 233 193 290 ‘Te
211 229 351 291 veniente
369 229 428 301 die,
449 241 480 290 te
499 231 665 292 decedente
685 231 819 290 canebat.

128 310 306 370 ‘Taenarias
326 312 415 370 etiarn
435 311 542 382 fauces,
564 312 623 370 alta
643 309 719 370 ostia
739 309 827 381 Ditis,

130 391 187 450 ‘Et
199 389 376 468 caligantem
395 389 479 466 nigra
498 390 656 450 formidine
676 392 776 448 lucum

129 470 300 546 ‘Ingressus
319 489 481 546 manesque
501 471 575 530 adiit
594 489 754 546 regemque
773 471 959 529 tremendum

130 549 316 626 ‘Nesciaque
335 549 472 608 humanis
491 549 628 626 precibus
648 567 852 608 mansuescere
871 551 969 608 corda
1059 565 1124 622 470

130 632 187 687 ‘At
206 642 295 688 mutu
315 640 484 689 commotae
504 629 593 688 Erebi
613 629 652 688 de
671 629 819 688 sedibus
811 628 878 688 imis

130 710 282 769 ‘Umbrae
301 708 384 769 ibant
404 721 508 768 tenues
527 709 742 786 simulacraque
762 710 828 767 luce
848 720 1009 780 carentum,

129 789 247 862 ‘Quam
268 791 360 848 multa
380 788 412 848 in
430 788 509 848 loliis
529 789 628 848 avium
649 807 681 847 se
702 787 784 848 milia
802 789 945 858 condunt,

130 871 262 943 ‘Vesper
280 867 333 928 ubi
351 881 403 927 aut
422 868 563 958 bibemus
582 867 643 944 agit
662 867 702 928 de
721 867 872 928 montibus
891 867 995 938 imber,

129 949 261 1007 ‘Matres
280 957 371 1025 atque
390 947 444 1007 viri
462 949 660 1024 delimctaque
679 967 805 1023 corpora
823 947 884 1007 vita
1059 965 1098 1022 47
1101 963 1119 1024 5

130 1026 375 1104 ‘Magnanimum
395 1030 528 1098 heroum,
548 1029 632 1104 pueri
651 1027 852 1103 innuptaeque
872 1027 995 1103 puellae,

130 1107 344 1198 ‘Impositique
364 1107 443 1184 rogis
461 1106 584 1197 iuvenes
603 1118 673 1167 ante
693 1127 747 1166 ora
765 1117 940 1183 parentum,

130 1186 279 1260 ‘Quos
253 1207 363 1246 circum
383 1189 472 1247 limus
492 1187 574 1264 niger
593 1199 623 1247 et
644 1186 783 1246 deformis
803 1187 937 1246 harundo

130 1265 253 1342 ‘Cocyti
274 1269 417 1343 tardaque
437 1269 523 1343 palus
543 1266 710 1326 inamabilis
729 1268 810 1327 unda

130 1345 258 1422 ‘Alligat
277 1357 307 1406 et
327 1348 452 1407 noviens
471 1349 541 1423 Styx
562 1346 702 1407 interfusa
720 1356 846 1406 coercet.
1059 1349 1122 1419 480

131 1425 233 1499 ‘Quin
248 1424 335 1502 ipsae
355 1438 495 1502 stupuere
515 1428 623 1486 domus
642 1438 731 1502 atque
752 1426 856 1484 intima
875 1425 941 1485 Leti

130 1507 269 1564 ‘Tartara
289 1508 500 1582 caeruleosque
521 1506 665 1582 implexae
685 1506 813 1566 crinibus
834 1525 945 1582 angues

131 1585 337 1656 ‘Eumenides
358 1585 512 1663 tenuitque
532 1586 648 1646 inhians
668 1585 724 1645 tria
744 1587 889 1646 Cerberus
909 1604 961 1644 ora

129 1666 245 1742 ‘Atque
266 1664 375 1725 Ixionii
394 1678 485 1726 vento
505 1677 570 1726 rota
589 1665 721 1725 constitit
741 1664 826 1725 orbis.

131 1745 274 1822 ‘Iamque
294 1747 404 1821 pedem
425 1748 551 1806 referens
571 1765 657 1805 casus
678 1756 809 1805 evaserat
829 1763 934 1804 ornnes
1059 1747 1118 1820 485

131 1825 339 1901 ‘Redditaque
361 1827 507 1902 Eurydice
528 1844 649 1902 superas
668 1825 806 1884 veniebat
826 1826 863 1883 ad
885 1843 970 1883 auras

131 1907 232 1964 ‘Pone
245 1924 552 1981 sequens-namque
564 1907 642 1965 hanc
656 1906 778 1964 dederat
793 1903 967 1980 Proserpina
981 1905 1122 1979 legem-
1227 1893 1228 1940 ³

131 1986 227 2044 ‘Cum
248 1983 346 2044 subita
365 1985 515 2046 incautum
537 1984 688 2045 dementia
707 1984 787 2060 cepit
806 1994 965 2055 amantem,

131 2065 334 2140 ‘Ignoscenda
354 2066 484 2141 quidem,
506 2065 613 2125 scirent
633 2064 657 2124 si
677 2064 829 2140 ignoscere
850 2065 974 2122 Manes:

133 2143 278 2214 ‘Restitit
300 2145 527 2221 Eurydicenque
548 2165 630 2204 suam
651 2143 711 2203 iam
730 2145 796 2204 luce
816 2145 871 2202 sub
890 2141 957 2220 ipsa
1058 2161 1120 2218 490
1164 2177 1167 2184 ·
1227 2187 1228 2216 ,

131 2225 312 2283 ‘Immemor
331 2226 407 2284 heu!
435 2225 588 2300 victusque
608 2223 699 2283 animi
718 2223 853 2300 respexit
898 2222 947 2283 Ibi
967 2221 1064 2282 omnis

131 2304 265 2362 ‘Effusus
285 2304 376 2375 labor,
398 2316 488 2380 atque
508 2304 629 2364 immitis
649 2314 736 2379 rupta
755 2303 871 2379 tyranni

131 2381 291 2452 ‘Foedera
312 2394 414 2458 terque
434 2385 532 2460 fragor
551 2383 661 2460 stagnis
680 2382 797 2442 auditus
817 2381 950 2441 Auernis.

133 2462 206 2519 ‘llla
225 2463 291 2536 quis
310 2470 338 2520 et
356 2481 399 2520 nte
417 2463 513 2538 inquit
532 2465 665 2522 macram
684 2471 712 2520 et
730 2471 757 2521 te
768 2463 907 2538 perdidit,
932 2462 1056 2536 Orphea,

133 2541 227 2616 ‘Quis
246 2549 343 2600 tantus
353 2544 468 2616 furor?
493 2562 528 2600 eu
547 2545 651 2602 derum
671 2543 795 2601 crudelia
816 2549 890 2600 retro
1058 2557 1116 2616 495
1227 2535 1228 2560 ¹

131 2621 223 2679 ‘Fata
243 2629 343 2680 vocant
360 2623 504 2698 conditque
521 2624 655 2681 natantia
674 2625 788 2681 lumina
806 2641 929 2681 somnus.

131 2701 267 2777 ‘Iamque
285 2703 367 2760 vale:
384 2703 470 2778 feror
488 2703 598 2778 degenti
614 2704 788 2762 circumdata
807 2710 882 2760 nocte

131 2782 352 2858 ‘Invalidasque
372 2784 427 2842 tibi
443 2783 565 2852 tendens,
585 2783 641 2840 heu
661 2802 717 2840 non
737 2789 798 2853 tua,
812 2779 951 2858 palmas!

132 2859 231 2919 ‘Dixit
251 2873 281 2921 et
301 2882 338 2920 ex
357 2864 450 2921 oculis
470 2861 578 2933 subit0,
600 2881 656 2922 ceu
677 2863 776 2921 sumus
796 2862 825 2920 in
847 2879 932 2920 auras

134 2940 335 3000 ‘commixtus
356 2952 468 3012 tenues,
489 2940 562 3018 fugit
582 2941 705 3012 diversa,
728 2960 825 3017 neque
845 2940 929 3000 illum
1060 2957 1120 3016 500

132 3022 340 3079 ‘Prensantem
360 3020 541 3095 nequiquam
561 3023 680 3081 umbras
701 3031 731 3080 et
751 3022 844 3080 multa
863 3022 1013 3080 volentem

132 3097 255 3156 ‘Dicere
276 3109 426 3171 praeterea
446 3097 528 3168 vidit,
549 3117 606 3156 nec
624 3097 750 3188 portitor
771 3098 841 3159 Orci

131 3173 285 3248 ‘Amplius
307 3174 455 3233 obiectam
477 3192 582 3248 passus
604 3177 725 3235 transire
746 3179 896 3252 paludem.

131 3250 229 3324 ‘Quid
249 3253 379 3310 iaceret?
399 3269 460 3326 quo
480 3270 512 3309 se
532 3262 616 3326 rapta
636 3254 682 3312 bis
703 3255 829 3330 coniuge
850 3256 957 3313 ferret?

132 3329 218 3401 ‘Quo
239 3328 309 3388 fletu
330 3347 441 3402 manes,
464 3347 539 3404 quae
560 3329 683 3389 numina
704 3351 777 3392 voce
798 3336 951 3391 moveret?
1060 3351 1116 3414 505
1227 3351 1228 3388 l
