2494 3702
412 69 472 128 GE
477 67 617 128 ORGIC
619 68 686 127 ΟΝ
699 67 783 125 ΠΒ.
807 67 833 124 I.

125 201 333 261 Pulverulenta
353 209 462 275 coquat
483 198 604 258 maturis
626 198 737 258 solibus
758 207 854 256 aestas
864 217 874 270 ;

125 286 167 341 At
187 281 212 340 si
233 301 294 340 non
315 281 400 339 fuerit
422 280 508 339 tellus
529 279 664 351 secunda,
687 281 743 337 sub
763 277 862 353 ipsum

125 367 284 422 Arcturum
306 360 389 420 tenui
410 370 456 419 sat
477 358 531 426 erit
551 361 731 435 suspendere
753 359 854 418 sulco:

126 443 203 515 Illic,
226 441 357 500 officiant
377 440 462 499 laetis
483 459 520 499 ne
541 440 672 516 frugibus
693 440 810 511 herbae,

126 523 198 592 Hic,
221 521 349 582 sterilem
370 520 491 597 exiguus
512 539 550 580 ne
572 521 688 579 deserat
709 538 796 578 umor
816 518 964 577 harenam.

168 601 299 663 Alternis
318 601 399 662 idem
420 612 520 660 tonsas
542 595 656 660 cessare
676 601 806 672 novales,

127 686 167 742 Et
188 702 309 759 segnem
329 681 441 757 patiere
463 680 519 739 situ
540 681 695 739 durescere
716 697 855 754 campum
865 701 874 752 3

126 766 189 822 Aut
210 761 252 822 ibi
273 763 348 820 flava
368 780 446 821 seres
466 771 582 820 mutato
603 759 698 819 sidere
718 760 801 830 farra,

127 844 222 903 Unde
243 841 322 918 prius
342 842 451 901 laetum
473 841 579 916 siliqua
599 850 756 916 quassante
778 841 916 915 legumen

127 927 190 984 Aut
211 922 306 982 tenuis
327 923 404 980 setus
425 921 517 980 viciae
539 919 687 996 tristisque
708 920 802 995 lupini

129 1003 288 1064 Sustuleris
308 1001 423 1077 fragiles
443 1003 574 1060 calamos
595 1001 758 1075 silvamque
779 1009 941 1058 sonantem.

129 1083 200 1144 Urit
221 1082 301 1142 enim
322 1082 375 1141 lini
394 1101 534 1157 campum
555 1100 647 1157 seges,
669 1079 725 1139 urit
747 1098 867 1151 avenae,

129 1167 231 1225 Urunt
252 1164 383 1222 Iethaeo
404 1165 522 1238 perlusa
542 1179 689 1237 papavera
709 1179 833 1219 somno:

129 1245 192 1304 Sed
212 1254 310 1302 tamen
331 1241 449 1302 alternis
470 1242 562 1300 facilis
582 1243 674 1312 labor,
696 1241 777 1300 arida
798 1250 914 1299 tanturn

130 1327 180 1384 Ne
201 1334 328 1383 saturare
348 1324 419 1381 fimo
440 1321 541 1399 pingui
561 1322 672 1396 pudeat
692 1323 755 1380 sola
775 1340 849 1380 neve

135 1406 247 1464 Effetos
268 1403 396 1462 cinerem
417 1401 602 1461 immundum
625 1402 733 1460 iactare
754 1421 806 1477 per
825 1420 917 1477 agros.

130 1485 181 1544 Sic
201 1502 321 1560 quoque
342 1484 461 1542 mutatis
482 1482 670 1558 requiescunt
689 1481 797 1541 fetibus
818 1501 902 1554 arva,-

131 1567 200 1624 Nec
220 1565 300 1622 nulla
321 1563 433 1623 interea
453 1574 498 1622 est
518 1562 648 1622 inaratae
668 1562 760 1638 gratia
780 1573 880 1622 terrae.

30 1712 36 1718 ,
131 1647 227 1721 Saepe
248 1644 336 1704 etiam
358 1644 469 1703 steriles
490 1642 649 1702 incendere
669 1642 778 1719 profuit
799 1662 892 1719 agros,

131 1728 232 1801 Atque
253 1725 348 1783 levem
369 1724 506 1800 stipulam
528 1723 739 1800 crepitantibus
760 1742 843 1782 urere
863 1721 1007 1781 flammis:

131 1805 200 1866 Sive
220 1805 290 1864 inde
311 1806 442 1864 occultas
462 1803 537 1862 vires
558 1817 588 1864 et
608 1805 719 1880 pabula
740 1815 831 1863 terrae

132 1884 259 1960 Pinguia
279 1883 460 1960 concipiunt,
483 1884 543 1944 sive
564 1884 620 1943 illis
641 1903 730 1943 omne
751 1903 803 1959 per
823 1883 921 1959 ignem

133 1964 316 2042 Excoquitur
335 1965 437 2024 vitium
459 1975 549 2041 atque
569 1965 677 2023 exudat
698 1963 807 2023 inutilis
828 1983 921 2035 umor,

132 2049 192 2106 Seu
213 2048 310 2122 plures
331 2046 411 2104 calor
431 2046 480 2104 ille
501 2046 564 2103 vias
585 2056 614 2103 et
634 2063 723 2104 caeca
743 2046 853 2103 relaxat

133 2127 326 2204 Spiramenta,
348 2145 441 2184 novas
462 2124 561 2184 veniat
582 2145 641 2201 qua
661 2144 748 2183 sucus
769 2124 799 2183 in
820 2124 925 2183 herbas
935 2145 944 2198 3

133 2210 194 2268 Seu
214 2207 299 2265 durat
319 2205 420 2281 magis,
443 2217 473 2264 et
492 2224 583 2264 venas
603 2205 756 2281 adstringit
776 2203 900 2277 hiantes,
962 2264 967 2271 ,

133 2291 184 2347 Ne
205 2298 307 2346 tenues
327 2286 445 2362 pluviae
465 2284 597 2361 rapidive
618 2285 750 2360 potentia
771 2284 841 2344 solis
950 2287 956 2296 '

132 2367 238 2428 Acrior
258 2378 309 2425 aut
330 2369 443 2425 Boreae
464 2367 646 2441 penetrabile
666 2364 755 2442 frigus
776 2368 885 2425 adurat

134 2449 267 2507 Multum
288 2447 372 2519 ade0,
395 2447 492 2505 rastris
513 2447 632 2522 glaebas
653 2447 703 2520 qui
724 2446 829 2523 frangit
849 2446 956 2506 inertes

133 2527 345 2602 Vimineasque
367 2526 454 2586 trahit
475 2536 577 2597 crates,
600 2525 679 2586 iuvat
699 2546 775 2600 arva,
798 2547 895 2602 neque
916 2526 998 2586 illum

134 2610 226 2666 Flava
247 2609 336 2668 Ceres
357 2608 418 2666 alto
439 2607 619 2682 nequiquam
640 2617 754 2682 spectat
775 2609 905 2683 Olympo
915 2631 923 2682 ;

133 2689 175 2746 Et
195 2687 253 2763 qui,
276 2686 423 2762 proscisso
444 2705 520 2763 quae
542 2686 662 2746 suscitat
682 2707 809 2763 aequore
830 2698 919 2764 terga,

135 2771 249 2827 Rursus
271 2766 300 2825 in
322 2766 475 2843 obliquum
495 2786 579 2826 verso
601 2767 763 2842 perrumpit
782 2777 878 2825 aratro

134 2850 319 2923 Exer'cetque
340 2848 477 2923 frequens
497 2848 630 2906 tellurem
652 2857 740 2923 atque
760 2846 885 2922 imperat
905 2847 989 2907 arvis

176 2928 288 2987 Umida
309 2927 432 2986 solstitia
452 2938 542 3003 atque
562 2927 674 2986 hiemes
696 2937 777 2986 orate
798 2946 924 3000 serenas,
1069 2947 1125 2986 100

135 3007 309 3084 Agricolae:
337 3006 461 3066 hiberno
481 3006 641 3066 laetissima
661 3008 781 3083 pulvere
803 3009 884 3080 farra,

135 3091 244 3147 Laetus
265 3106 334 3164 ager
344 3110 352 3160 3
382 3089 464 3146 nullo
485 3098 600 3146 tantum
622 3107 654 3148 se
675 3087 772 3164 Mysia
792 3089 873 3146 cultu

136 3170 232 3241 lactat
253 3178 282 3227 et
303 3168 366 3244 ipsa
387 3186 454 3226 suas
474 3168 616 3227 mirantur
636 3168 765 3244 Gargara
785 3187 903 3228 messes

137 3248 219 3322 Quid
240 3247 345 3320 dicam,
368 3247 445 3306 iacto
467 3247 518 3322 qui
539 3247 651 3307 semine
671 3248 838 3306 comminus
858 3268 928 3306 arva

137 3327 314 3404 Insequitur,
336 3328 530 3401 cumulosque
550 3326 607 3384 ruit
628 3329 704 3385 male
725 3326 843 3400 pinguis
863 3329 999 3398 harenae,
1072 3347 1124 3404 ¹05
