2462 3678
368 87 610 144 AENEIDOS
632 89 717 144 ΜΒ.
752 89 839 147 VIII.

61 211 75 238 ‘
91 210 234 269 Pectora
255 209 389 284 semiferi,
410 221 501 286 atque
522 209 666 271 extinctos
687 213 850 274 faucibus
842 235 932 292 rgnes.

62 289 154 347 ‘Ex
174 289 226 350 illo
247 292 411 350 celebratus
431 291 536 381 bonos,
558 291 686 367 laetique
707 293 835 356 minores

65 370 267 429 ‘Servavere
287 371 376 441 diem,
398 371 568 446 primusque
590 371 716 430 Potitius
737 385 840 434 auctor

66 451 148 508 ‘Et
169 451 277 508 domus
299 449 441 510 Herculei
461 462 561 510 custos
582 450 698 510 Pinaria
719 453 791 512 sacri

69 530 203 588 ‘Hanc
223 549 303 588 aram
323 531 391 589 luco
413 529 521 602 statuit,
543 549 619 605 quae
641 531 774 592 Maxima
794 552 910 611 semper

70 612 83 639 ‘
101 607 236 668 Dicetur
255 608 349 700 nobis,
372 620 401 668 et
421 609 476 668 erit
496 628 572 685 quae
593 610 721 670 maxima
741 631 864 689 semper.

71 691 86 720 ‘
103 689 213 762 Quare
233 688 318 764 agite,
340 709 360 748 ο
380 688 510 760 iuvenes,
531 700 678 748 tantarum
698 690 727 749 in
750 712 872 752 munere
892 696 1016 756 laudum

74 773 87 800 ⁴
104 767 232 844 Cingite
251 770 356 828 fronde
376 787 485 840 comas,
508 779 538 828 et
557 770 664 844 pocula
685 771 798 847 porgite
768 774 935 844 tdextris,

77 853 91 882 ‘
104 849 374 924 Communemque
392 858 497 907 vocate
518 849 617 920 deum,
639 860 669 908 et
689 851 758 909 date
779 851 849 910 vina
867 854 1020 916 volentes!
1033 873 1087 933 275

75 925 234 988 Dixerat:
257 929 408 987 Herculea
427 927 540 986 bicolor
560 947 629 986 cum
650 932 777 1005 populus
798 932 902 990 umbra

76 1008 271 1083 Velavitque
291 1027 393 1067 comas
413 1007 550 1083 foliisque
570 1007 678 1066 innexa
698 1011 849 1085 pependit,

79 1091 134 1146 Et
154 1107 237 1146 sacer
257 1087 378 1164 inplevit
400 1088 533 1146 dextram
553 1089 688 1162 scyphus
732 1089 824 1148 Ocius
845 1111 949 1151 omnes

83 1170 133 1226 In
153 1187 287 1226 mensam
308 1166 377 1226 laeti
398 1167 491 1225 libant
512 1167 655 1241 divosque
676 1179 839 1242 precantur.

134 1249 260 1307 Devexo
280 1247 392 1306 interea
411 1247 544 1322 proprior
565 1248 597 1305 fit
617 1249 730 1322 Vesper
751 1250 894 1326 Olympo:
1033 1255 1090 1311 280

84 1329 220 1403 Iamque
241 1329 408 1386 sacerdotes
428 1326 598 1402 primusque
620 1327 744 1385 Potitius
765 1327 847 1386 ibant

85 1407 226 1466 Pellibus
246 1406 278 1465 in
298 1425 410 1466 morem
432 1406 529 1479 cincti,
551 1407 742 1482 flammasque
763 1409 903 1468 ferebant.

85 1490 266 1547 Instaurant
286 1488 396 1562 epulas,
419 1497 448 1545 et
469 1505 589 1546 mensae
610 1497 692 1562 grata
712 1490 860 1549 secundae

88 1569 186 1626 Dona
206 1568 310 1636 ferunt,
332 1567 542 1641 cumulantque
562 1565 689 1626 oneratis
710 1567 841 1658 lancibus
862 1589 933 1630 aras

86 1649 175 1706 Tum
196 1645 265 1706 Salii
285 1647 323 1705 ad
344 1657 448 1704 cantus
469 1645 590 1704 incensa
610 1646 756 1705 altaria
732 1667 841 1708 circum
1034 1653 1088 1726 285

88 1727 237 1817 Populeis
256 1727 364 1785 adsunt
384 1725 492 1784 evincti
512 1736 646 1801 tempora
666 1727 772 1800 ramis;

91 1805 187 1864 Hic
179 1825 319 1865 iuvenum
340 1807 455 1877 chorus,
476 1804 525 1864 ille
545 1824 650 1864 senum
659 1827 668 1879 ;
689 1807 739 1882 qui
760 1808 889 1868 carmine
909 1810 1011 1870 laudes

91 1887 260 1945 Herculeas
282 1897 312 1944 et
331 1887 408 1944 sacta
428 1887 541 1943 serunt:
562 1896 594 1944 ut
615 1885 710 1961 prima
730 1906 873 1947 novercae

91 1969 233 2024 Monstra
253 1984 343 2024 manu
363 1965 557 2041 geminosque
578 1985 714 2040 premens
736 1966 844 2026 eliserit
865 1987 994 2044 angues,

91 2049 139 2106 Ut
161 2047 239 2104 bello
260 2044 389 2122 egregias
410 2044 490 2104 idem
511 2044 657 2104 disiecerit
678 2047 773 2118 urbes,
1034 2068 1091 2122 290

89 2125 273 2200 Troiamque
288 2123 537 2199 Oechaliamque;
557 2135 590 2182 ut
611 2126 701 2184 duros
722 2125 801 2184 mille
821 2127 936 2186 labores

91 2209 178 2281 Rege
199 2206 255 2264 sub
277 2205 449 2280 Eurystheo,
471 2204 537 2263 satis
559 2203 684 2263 Iunonis
704 2203 831 2280 iniquae,

91 2285 258 2344 Pertulerit
303 2286 366 2343 ‘Tu
387 2283 558 2358 nubigenas,
580 2283 696 2356 invicte,
719 2286 896 2344 bimembres

91 2367 323 2441 ‘Hylaeumque
345 2365 530 2438 Pholumque
551 2383 650 2435 manu,
673 2374 704 2423 tu
725 2365 827 2425 Cresia
847 2377 958 2426 mactas

92 2443 261 2520 ‘Prodigia
284 2455 312 2504 et
332 2456 447 2503 vastum
469 2445 583 2503 Nemea
604 2445 658 2503 sub
678 2464 750 2521 rupe
771 2447 896 2506 leonem.
1034 2464 1089 2524 295

92 2527 158 2583 ‘Te
180 2523 272 2600 Stygii
292 2535 436 2582 tremuere
457 2524 546 2595 lacus,
566 2534 595 2583 te
617 2523 723 2583 ianitor
742 2525 812 2586 Orci

93 2606 189 2664 ‘Ossa
209 2623 296 2680 super
316 2604 460 2662 recubans
481 2614 565 2663 antro
587 2603 711 2663 semiesa
731 2617 871 2678 cruento;

92 2686 179 2743 ‘Nec
199 2695 229 2744 te
249 2686 325 2744 ullae
346 2683 443 2757 iacies,
466 2701 528 2741 non
549 2683 650 2741 terruit
670 2683 732 2758 ipse
752 2686 913 2760 Typhoeus

93 2765 232 2823 ‘Arduus
252 2783 333 2823 arma
353 2775 476 2836 tenens,
496 2782 558 2822 non
579 2773 608 2822 te
628 2761 748 2821 rationis
769 2775 904 2839 egentem

93 2847 262 2904 ‘Lernaeus
283 2844 369 2902 turba
389 2841 518 2919 capitum
540 2841 730 2901 circumstetit
750 2843 861 2918 anguis.
1033 2864 1090 2920 300

92 2925 207 2996 ‘Salve
228 2943 296 2984 vera
318 2923 398 2983 Iovis
418 2925 524 2999 proleS,
547 2922 637 2981 decus
658 2921 759 2981 addite
780 2921 873 2994 divis;

93 3007 153 3064 ‘Et
172 3023 229 3064 nos
250 3016 279 3064 et
300 3015 351 3063 tua
372 3005 473 3062 dexter
493 3002 542 3062 adi
563 3003 639 3078 pede
660 3021 742 3060 sacra
762 3001 912 3062 secundo.¹

93 3085 180 3144 Talia
200 3084 378 3144 carminibus
399 3084 566 3143 celebrant:
591 3101 677 3158 super
698 3081 799 3141 omnia
820 3081 892 3142 Caci

94 3166 271 3241 Speluncam
292 3163 430 3236 adiciunt,
453 3161 672 3252 spirantemque
692 3161 836 3238 ignibus
828 3182 933 3239 rpsum.

96 3247 249 3306 Consonat
270 3263 358 3303 omne
380 3261 483 3302 nemus
504 3242 633 3317 strepitu,
656 3244 805 3318 collesque
826 3246 974 3303 resultant.
1032 3262 1088 3321 305

134 3324 212 3386 Exin
233 3343 265 3384 se
284 3322 384 3382 cuncti
362 3321 511 3382 tdivinis
531 3323 618 3380 rebus
639 3323 677 3382 ad
699 3323 801 3384 urbem
