2462 3678
162 140 220 195 340
413 120 449 179 P.
481 119 674 179 VERGILI
687 121 903 180 MARONIS

161 253 244 312 Dant
264 249 394 310 sonitum
414 247 494 308 flictu
515 249 626 324 galeae,
648 266 749 325 pugna
768 267 872 324 aspera
896 249 1006 324 surgit:

162 333 298 407 Quantus
319 331 358 389 ab
379 347 486 388 occasu
508 328 630 388 veniens
650 326 827 403 pluvialibus
850 329 972 388 Haedis

162 413 304 472 Verberat
325 408 419 470 imber
439 409 571 480 humum,
594 427 684 485 quam
705 409 798 466 multa
817 408 967 485 grandine
990 407 1080 468 nimbi

164 493 201 550 In
221 491 297 551 vada
317 488 521 566 praecipitant,
542 507 610 547 cum
632 488 768 564 Iuppiter
788 487 926 547 horridus
948 488 1064 548 Austris
1098 492 1156 562 670

162 573 295 646 Torquet
315 588 458 645 aquosam
479 567 608 628 hiemem
629 580 658 627 et
679 569 763 628 caelo
783 586 857 626 cava
877 568 986 628 nubila
1007 569 1117 645 rumpit

205 650 355 710 Pandarus
377 660 407 708 et
428 647 525 720 Bitias,
549 649 642 708 Idaeo
664 649 810 707 Alcanore
830 648 912 720 creti,

164 732 249 806 Quos
270 727 349 789 Iovis
371 727 471 788 eduxit
491 729 561 788 luco
581 727 721 787 silvestris
742 731 826 788 Iaera

165 809 320 871 Abietibus
341 807 462 868 iuvenes
482 807 582 884 patriis
603 819 632 867 et
654 807 805 866 montibus
826 827 950 884 aequos,

166 893 293 960 Portam,
315 907 391 965 quae
412 887 495 947 ducis
516 887 639 964 imperio
659 886 825 960 commissa,
847 889 1021 958 recludunt,
1102 892 1160 962 ⁶75

166 969 244 1030 Freti
264 969 360 1042 armis,
383 970 519 1044 ultroque
539 967 663 1027 invitant
683 968 840 1027 moenibus
860 970 993 1027 hostem.

166 1049 227 1126 Ipsi
247 1049 327 1108 intus
347 1049 450 1108 dextra
469 1067 505 1106 ac
525 1050 608 1107 laeva
628 1066 683 1125 pro
704 1047 831 1106 turribus
850 1049 984 1120 adstant,

165 1128 278 1188 Armati
298 1130 373 1188 ferro
394 1139 423 1188 et
443 1127 539 1187 cristis
559 1127 656 1204 capita
675 1128 735 1186 alta
754 1127 883 1188 corusci:

165 1211 277 1285 Quales
297 1207 393 1268 aeriae
413 1207 556 1284 liquentia
575 1207 697 1266 flumina
716 1205 835 1280 circum,

165 1289 232 1349 Sive
253 1288 326 1348 Padi
347 1287 425 1364 ripis,
449 1287 582 1346 Athesim
603 1306 655 1346 seu
676 1299 796 1363 propter
815 1307 986 1360 amoenum,

166 1371 355 1446 Consurgunt
375 1367 510 1444 geminae
530 1385 656 1442 quercus
677 1365 853 1442 intonsaque
874 1370 960 1428 caelo

167 1449 313 1508 Attollunt
334 1447 432 1523 capita
452 1459 481 1508 et
501 1447 619 1507 sublimi
639 1446 748 1507 vertice
768 1457 881 1506 nutant

167 1530 346 1604 Inrumpunt
367 1527 463 1587 aditus
485 1527 588 1587 Rutuli
609 1538 640 1586 ut
661 1526 762 1586 videre
782 1537 924 1602 patentes

167 1607 320 1669 Continuo
342 1609 492 1683 Quercens
513 1619 543 1667 et
563 1609 685 1682 pulcher
705 1607 869 1683 Aquiculus
889 1607 979 1666 armis

167 1689 206 1748 Et
225 1706 368 1764 praeceps
388 1687 479 1747 animi
498 1689 625 1778 Tmarus
646 1698 675 1747 et
697 1687 859 1746 Mavortius
880 1690 1026 1747 Haemon

166 1767 341 1844 Agminibus
362 1767 431 1826 totis
451 1779 502 1827 aut
522 1766 596 1827 versi
616 1779 697 1844 terga
716 1768 826 1827 dedere

167 1847 256 1906 Aut'
248 1867 315 1924 rpso
335 1858 437 1939 portae
458 1867 582 1924 posuere
602 1847 633 1905 in
654 1847 755 1906 limine
776 1847 873 1906 vitam

167 1929 247 1985 Tum
268 1927 360 2004 magis
381 1927 547 1987 increscunt
567 1927 672 1987 animis
693 1923 908 1986 discordibus
899 1945 980 2001 rrae3

168 2005 235 2066 Et
227 2025 286 2066 iarn
307 2007 423 2068 collecti
443 2009 536 2068 Troes
556 2009 755 2084 glomerantur
775 2009 882 2067 eodem

168 2089 207 2146 Et
226 2088 358 2147 conferre
379 2106 500 2147 manum
521 2098 550 2147 et
571 2106 740 2164 procurrere
760 2085 876 2162 longius
895 2087 1017 2146 audent.

209 2166 333 2226 Ductori
352 2170 454 2227 Turno
476 2167 590 2227 diversa
610 2167 640 2226 in
661 2179 745 2244 parte
765 2165 871 2226 furenti

167 2246 370 2322 Turbantique
390 2246 466 2306 viros
487 2248 629 2323 perfertur
649 2245 776 2318 nuntius
799 2247 914 2305 hostem

167 2327 291 2386 Fervere
312 2327 404 2386 caede
425 2346 503 2386 nova
523 2337 553 2386 et
572 2337 672 2403 portas
692 2328 832 2416 praebere
852 2335 996 2416 patentes

168 2404 313 2464 Deserit
304 2417 455 2496 mceptum
475 2417 564 2482 atque
584 2405 705 2465 immani
726 2405 859 2465 concitus
880 2405 922 2463 ira

168 2484 350 2544 Dardaniam
370 2485 427 2544 ruit
447 2486 487 2545 ad
507 2495 623 2562 portam
644 2487 804 2577 fratresque
825 2487 972 2576 superbos

168 2567 207 2624 Et
227 2563 353 2641 primum
375 2565 557 2641 Antiphaten
579 2564 615 2644 (is
636 2565 716 2625 enim
737 2584 770 2625 se
790 2565 900 2642 primus
921 2562 1043 2642 agebat)

167 2644 312 2704 Thebana
332 2646 371 2704 de
392 2657 484 2705 matre
504 2646 629 2704 nothum
649 2644 827 2721 Sarpedonis
848 2643 907 2717 alti,

168 2724 315 2786 Coniecto
336 2723 437 2785 sternit
458 2723 555 2784 iaculo
560 2747 568 2798 ς
596 2725 676 2784 volat
698 2726 773 2783 Itala
793 2743 899 2784 comus

167 2807 245 2863 Aera
264 2822 317 2879 per
336 2815 469 2864 tenerum
490 2807 702 2880 stomachoque
722 2804 811 2863 infixa
830 2806 886 2864 sub
907 2805 1000 2863 altum

169 2885 275 2942 Pectus
295 2883 369 2945 abit:
399 2883 495 2944 reddit
516 2903 621 2960 specus
642 2883 696 2943 atri
716 2883 843 2944 vulneris
864 2885 975 2943 undam
1105 2901 1158 2960 70⁰
1206 2935 1207 2956 ,

167 2963 368 3037 Spumantem,
390 2974 421 3025 et
439 2965 499 3023 fixo
518 2963 653 3023 serrum
645 2982 676 3023 ιιι
696 2964 838 3040 pulmone
858 2962 989 3040 tepescit.

167 3041 273 3176 TumA
281 3043 438 3179 hlqp‘qqpem
479 3054 570 3120 atque
611 3045 772 3119 Erymanta
813 3063 912 3115 manu,
948 3053 1028 3102 tum
1059 3045 1155 3105 sternit

275 3137 295 3193 P
370 3141 430 3195 urn,

111 3239 112 3246 ι
167 3199 247 3255 Tum
268 3195 364 3256 Bitian
384 3201 536 3260 ardentem
557 3201 649 3260 oculis
669 3199 835 3290 animisque
854 3203 1064 3276 frementem,

168 3279 238 3333 Non
259 3275 369 3342 iaculo;
396 3278 591 3350 nequeenim
614 3280 711 3338 iaculo
730 3278 821 3338 vitam
841 3279 891 3340 ille
911 3279 1070 3358 dedisset,

157 3345 227 3408 'Sed
248 3366 386 3420 magnum
407 3352 531 3410 stridens
551 3365 687 3415 contorta
706 3357 858 3430 phalarica
876 3359 966 3432 venit,
1101 3377 1148 3436 705
