2462 3678
357 619 393 680 P.
415 617 614 682 VERGILI
647 616 867 682 MARONIS

221 784 939 920 'maurinos

418 1061 545 1118 LIBER
579 1059 794 1117 SEPTIMUS.

102 1339 162 1396 Tu
185 1355 304 1413 quoque
324 1335 458 1396 litoribus
477 1335 593 1408 nostris,
614 1335 728 1394 Aeneia
747 1335 852 1407 nutrix,

105 1419 274 1476 Aeternam
295 1416 425 1476 moriens
445 1417 562 1488 samam,
584 1416 697 1488 Caieta,
719 1415 828 1476 dedisti
839 1437 848 1488 ς

106 1499 153 1555 Et
174 1516 255 1556 nunc
275 1507 372 1556 servat
391 1497 487 1557 honos
508 1498 610 1556 sedem
631 1507 707 1570 tuus,
729 1515 856 1572 ossaque
877 1515 987 1556 nomen

110 1577 264 1653 Hesperia
283 1577 315 1636 in
335 1596 449 1652 magna,
472 1576 498 1636 si
518 1596 578 1653 qua
598 1587 642 1636 est
664 1596 700 1636 ea
719 1577 819 1654 gloria,
841 1577 944 1654 signat

109 1660 153 1716 At
174 1657 241 1734 pius
262 1657 409 1733 exsequiis
429 1660 547 1716 Aeneas
567 1656 622 1716 rite
643 1657 752 1730 solutis,
1088 1671 1103 1730 5

110 1740 228 1814 Aggere
249 1737 415 1813 composito
436 1737 551 1810 tumuli,
572 1747 731 1814 postquam
752 1739 811 1797 alta
831 1737 968 1813 quierunt

111 1821 260 1894 Aequora,
282 1817 378 1877 tendit
398 1818 453 1877 iter
471 1818 553 1890 veliS,
573 1828 753 1894 portumque
772 1817 917 1894 relinquit

112 1898 276 1974 Adspirant
296 1917 383 1958 aurae
403 1898 435 1957 in
455 1909 584 1970 noctem,
605 1918 663 1958 nec
682 1897 811 1968 candida
831 1917 933 1956 cursus

113 1981 201 2038 Luna
221 1989 317 2055 negat,
338 1979 474 2054 splendet
493 1979 620 2039 tremulo
640 1980 695 2038 sub
716 1977 827 2038 lumine
847 1988 963 2054 pontus.

113 2061 262 2123 Proxuma
282 2059 421 2118 Circaeae
443 2060 584 2118 raduntur
603 2059 689 2118 litora
708 2069 811 2131 terrae,
1069 2075 1105 2114 10

114 2138 207 2199 Dives
227 2138 393 2199 inaccessos
414 2139 466 2199 ubi
486 2139 562 2200 Solis
582 2138 642 2197 filia
663 2140 745 2198 lucos

113 2219 250 2279 Adsiduo
271 2231 390 2279 resonat
410 2230 508 2291 cantu,
530 2219 675 2295 tectisque
696 2217 827 2294 superbis

114 2299 183 2359 Urit
203 2301 357 2359 odoratam
377 2311 523 2359 nocturna
542 2299 573 2358 in
593 2298 705 2358 lumina
726 2299 857 2371 cedrum,

113 2383 226 2456 Arguto
247 2391 351 2440 tenues
370 2399 542 2456 percurrens
562 2379 680 2456 pectine
700 2381 781 2439 telas,

115 2461 197 2518 Hinc
218 2459 349 2520 exaudiri
368 2460 494 2536 gemitus
516 2459 634 2536 iraeque
654 2462 782 2530 leonum,
1068 2474 1101 2534 15

114 2540 220 2599 Vincla
239 2551 425 2599 recusantum
447 2552 477 2600 et
497 2561 561 2600 sera
581 2541 638 2599 sub
657 2551 746 2600 nocte
766 2540 932 2614 rudentum,

117 2619 313 2699 Saetigerique
334 2640 401 2680 sues
421 2632 510 2697 atque
530 2620 562 2680 in
582 2620 772 2697 praesepibus
791 2620 851 2679 ursi

116 2701 237 2772 Saevire,
259 2720 295 2759 ac
315 2703 426 2760 formae
448 2720 621 2778 magnorum
642 2702 754 2759 ululare
774 2701 919 2777 luporum,

118 2783 199 2856 Quos
219 2779 374 2841 bominum
394 2801 431 2840 ex
450 2782 525 2842 facie
546 2783 603 2841 dea
623 2799 711 2840 saeva
731 2779 901 2856 potentibus
922 2778 1020 2838 herbis

118 2863 255 2921 Induerat
274 2861 362 2922 Circe
382 2861 413 2920 in
433 2864 530 2922 voltus
551 2881 587 2920 ac
607 2871 688 2935 terga
707 2860 841 2919 ferarum.
1066 2879 1103 2916 20

118 2943 200 3016 Quae
221 2961 259 3001 ne
280 2952 410 3002 monstra
431 2941 471 3018 pii
491 2950 659 3019 paterentur
679 2939 749 2999 talia
769 2942 863 2999 Troes

119 3022 213 3082 Delati
233 3022 265 3081 in
284 3033 394 3098 portus,
416 3042 475 3082 neu
495 3024 580 3082 litora
600 3021 663 3080 dira
683 3019 822 3093 subirent,

119 3105 270 3180 Neptunus
291 3101 385 3162 ventis
406 3102 528 3179 inplevit
548 3103 614 3162 vela
634 3101 781 3175 secundis,

118 3187 212 3260 Atque
232 3184 333 3260 fugam
354 3182 444 3256 dedit,
466 3193 496 3244 et
515 3193 630 3260 praeter
650 3183 726 3242 vada
746 3181 856 3242 fervida
875 3181 960 3243 vexit.

156 3267 278 3340 lamque
298 3265 474 3323 rubescebat
494 3263 583 3323 radiis
603 3282 691 3334 mare,
714 3272 743 3322 et
764 3265 882 3324 aethere
902 3265 942 3323 ab
962 3265 1022 3322 alto
1065 3277 1099 3336 25

119 3349 227 3406 Aurora
247 3344 278 3403 in
297 3343 390 3404 roseis
409 3345 539 3420 fulgebat
560 3346 639 3403 lutea
659 3342 752 3420 bigis:
