2460 3686
383 82 624 145 AENEIDOS
640 81 726 142 LIB.
748 79 793 141 II.
1022 101 1074 160 191

67 213 203 274 Incidit.
246 217 303 272 Ast
324 212 373 272 alii
394 213 523 289 subeunt
530 237 537 283 ;
559 202 615 272 nec
636 231 715 283 saxa,
736 230 792 270 nec
812 210 905 269 ullum

66 295 226 354 Telorum
246 293 360 352 interea
379 302 475 352 cessat
495 311 594 369 genus

117 373 330 433 ‘Vestibulum
350 383 419 432 ante
440 372 537 448 ipsum
558 371 712 448 primoque
731 371 763 430 in
783 369 885 430 limine
905 371 1031 446 Pyrrhus

68 455 229 525 Exsultat,
251 453 317 512 telis
339 463 369 513 et
388 453 454 512 luce
474 470 613 512 coruscus
633 471 722 512 aena:
1018 465 1077 524 470

68 533 187 608 Qualis
208 533 259 592 ubi
279 532 311 592 in
331 535 429 592 lucem
450 534 570 592 coluber
591 534 669 590 mala
688 530 820 608 gramina
840 543 951 607 pastus,

68 613 204 690 Frigida
224 614 279 672 sub
299 623 375 672 terra
395 613 542 672 tumidum
564 631 653 688 quern
674 614 778 671 bruma
800 615 928 688 tegebat,

70 696 174 754 Nunc
189 691 299 770 positis
320 712 415 752 novus
436 691 547 752 exuviis
568 692 739 768 nitidusque
759 692 886 765 iuventa,

69 773 212 833 Lubrica
232 772 382 833 convolvit
403 775 520 832 sublato
540 784 660 849 pectore
680 783 761 848 terga

70 854 209 913 Arduus
223 854 263 912 ad
283 855 385 924 solem,
407 864 437 912 et
457 852 562 929 linguis
583 852 673 910 micat
694 871 744 912 ore
764 851 895 912 trisulcis.
1019 869 1077 928 475

71 937 152 994 Una
173 933 278 1010 ingens
300 933 442 1009 Periphas
462 944 493 992 et
513 952 656 1008 equorum
676 933 801 1009 agitator
821 931 943 990 Achillis

72 1013 218 1090 Armiger
238 1014 439 1084 Automedon,
461 1032 521 1071 una
538 1012 635 1072 omnis
656 1013 755 1088 Scyria
774 1012 869 1088 pubes

74 1094 254 1154 Succedunt
274 1103 362 1165 tect0,
383 1103 413 1152 et
433 1093 567 1152 flammas
588 1093 627 1152 ad
648 1092 779 1150 culmina
799 1091 917 1151 iactant.

78 1177 151 1250 Ipse
173 1172 250 1233 inter
270 1173 381 1248 primos
403 1183 538 1248 correpta
558 1173 631 1232 dura
651 1171 774 1247 bipenni

77 1253 202 1313 Limina
222 1252 395 1329 perrumpit,
417 1263 578 1328 postesque
598 1272 617 1310 a
636 1251 757 1311 cardine
778 1251 857 1312 vellit
1018 1255 1077 1324 480

78 1336 223 1408 Aeratos3
249 1333 368 1407 iamque
389 1332 487 1392 excisa
507 1334 590 1392 trabe
610 1333 693 1391 firma
714 1332 827 1391 cavavit

78 1416 214 1485 Robora,
239 1425 268 1472 et
288 1413 440 1490 ingentem
459 1414 521 1472 lato
542 1411 626 1473 dedit
647 1432 698 1472 ore
719 1414 885 1474 fenestram.

78 1495 218 1570 Adparet
237 1495 345 1553 domus
365 1493 452 1566 intus,
475 1503 504 1552 et
525 1493 597 1551 atria
618 1494 706 1568 longa
726 1503 900 1568 patescunt3

78 1575 239 1650 Adparent
262 1572 369 1631 Priami
390 1585 420 1633 et
440 1583 571 1632 veterum
592 1573 752 1648 penetralia
773 1592 884 1650 regum,

79 1657 282 1729 Armatasque
302 1652 404 1712 vident
425 1662 536 1712 stantes
557 1652 587 1711 in
608 1653 709 1713 limine
730 1653 835 1730 primo.
1018 1656 1075 1730 485

124 1736 184 1793 ‘At
205 1735 312 1792 domus
333 1731 452 1792 interior
472 1733 583 1808 gemitu
604 1733 770 1810 miseroque
790 1735 917 1793 tumultu

81 1813 245 1888 Miscetur3
265 1811 442 1889 penitusque
463 1832 554 1871 cavae
573 1813 762 1890 plangoribus
782 1815 871 1874 aedes

82 1891 232 1953 Femineis
252 1895 384 1967 ululant3
412 1892 478 1952 serit
498 1912 586 1952 aurea
607 1892 702 1952 sidera
722 1895 840 1955 clamor.

82 1976 164 2031 Turn
184 1971 310 2049 pavidae
332 1971 416 2032 tectis
438 1983 544 2032 matres
565 1972 731 2050 ingentibus
753 1983 859 2046 errant,

83 2053 305 2129 Amplexaeque
325 2062 428 2112 tenent
448 2064 557 2129 postes,
579 2062 668 2128 atque
689 2055 790 2112 oscula
809 2054 910 2130 figunt.
1020 2073 1078 2129 490

84 2136 183 2192 Instat
201 2132 231 2192 vi
251 2130 346 2208 patria
367 2134 492 2208 Pyrrhus
502 2153 511 2206 3
532 2152 590 2193 nec
610 2135 744 2203 claustra,
766 2151 864 2206 neque
883 2131 940 2208 ipsi

85 2213 234 2273 Custodes
255 2213 374 2272 sufferre
394 2215 499 2273 valent
536 2214 633 2272 Labat
653 2213 743 2272 ariete
763 2214 867 2272 crebro

86 2295 187 2364 Ianua,
209 2302 239 2352 et
260 2291 351 2352 emoti
370 2293 569 2368 procumbunt
589 2291 708 2352 cardine
728 2303 835 2369 postes.

87 2372 134 2430 Fit
152 2371 200 2430 via
218 2370 267 2432 vi·
292 2383 433 2448 rumpunt
453 2371 558 2444 aditus,
581 2372 750 2449 primosque
771 2371 916 2434 trucidant

87 2450 205 2511 Inmissi
225 2451 332 2523 Danai,
354 2461 444 2511 ett
403 2453 462 2511 late
482 2454 549 2512 loca
569 2452 661 2512 milite
682 2456 840 2529 complent
1020 2472 1077 2532 495

88 2533 157 2590 Non
177 2529 227 2606 sic,
251 2529 403 2622 aggeribus
423 2531 516 2622 ruptis
535 2551 605 2592 cum
626 2551 764 2610 spumeus
783 2533 879 2594 amnis

31 2681 34 2685 .
90 2609 172 2685 Exiit,
194 2613 405 2701 oppositasque
426 2611 513 2671 evicit
532 2611 646 2689 gurgite
666 2617 768 2687 moles,

90 2689 215 2750 Fertur'
208 2709 238 2748 m
259 2711 328 2750 arva
346 2693 445 2751 furens
465 2693 594 2765 cumulo,
617 2711 798 2784 camposque
817 2713 872 2770 per
892 2713 995 2755 omnes

91 2772 163 2831 Cum
184 2770 306 2830 stabulis
326 2781 459 2830 armenta
478 2771 572 2832 trahit
615 2773 714 2832 Vidi
687 2792 770 2864 'ipse
789 2774 935 2834 furentem

90 2850 186 2910 Caede
208 2852 449 2926 Neoptolemum,
470 2851 664 2928 geminosque
685 2853 715 2910 in
736 2850 837 2912 limine
858 2853 993 2914 Atridas:
1020 2873 1078 2932 500

90 2929 156 2989 Vidi
176 2931 335 2989 Hecubam
355 2942 534 3007 centumque
553 2951 652 3005 nurus,
674 2931 881 3023 Priamumque
901 2953 955 3010 per
974 2955 1038 2996 aras

90 3009 232 3086 Sanguine
252 3010 422 3070 foedantem
433 3029 517 3090 quos
538 3010 601 3088 ipse
622 3022 785 3072 sacraverat
805 3011 896 3088 ignes.

92 3088 306 3165 Quinquaginta
324 3088 366 3148 illi
386 3083 515 3162 thalami,
537 3111 604 3167 spes
624 3103 707 3152 tanta
726 3102 878 3168 nepotum,

92 3167 242 3228 Barbarico
263 3179 362 3244 postes
383 3188 455 3229 auro
475 3171 637 3247 spoliisque
658 3173 784 3247 superbi,

93 3249 288 3309 Procubuere:
317 3258 421 3307 tenent
442 3249 548 3321 Danai,
570 3269 630 3327 qua
648 3250 776 3311 delicit
768 3251 850 3328 ignis.
1019 3272 1076 3331 505

131 3325 276 3386 ‘Forsitan
296 3337 326 3387 et
347 3325 459 3386 Priami
473 3294 580 3388 luerint
600 3348 677 3406 quae
696 3331 765 3401 lata,
780 3329 915 3404 requiras
