2462 3678
189 123 247 182 3²4
441 109 479 167 P.
508 109 699 168 VERGILI
712 109 923 169 MARONIS

189 241 345 316 Messapus
365 237 473 316 primas
493 239 579 311 acies,
601 251 750 316 postrema
769 249 907 299 coercent

188 318 352 394 Tyrrhidae
372 318 492 380 iuvenes
502 342 510 394 3
531 319 632 379 medio
653 321 714 380 dux
734 318 851 396 agmine
871 323 999 378 Turnus„

190 394 332 540 {venitm
351 417 433 458 arma
453 409 558 460 tenens
578 409 608 458 et
628 409 693 459 toto
713 399 823 460 vertice
843 419 931 475 supra
949 397 1018 480 est].

218 497 255 538 eu
276 488 390 556 septem
411 498 531 556 surgens
552 478 661 539 sedatis
681 479 816 539 amnibus
836 481 913 538 altus

191 559 247 618 Per
267 557 388 618 tacitum
409 561 527 635 Ganges
548 568 598 618 aut
618 557 720 635 pingui
740 559 861 617 flumine
882 559 970 618 Nilus

192 639 270 699 Cum
290 638 387 697 refluit
407 637 519 715 campis
540 648 570 696 et
590 636 649 696 iam
670 657 702 696 se
723 638 859 698 condidit
879 641 972 698 alveo.

193 718 254 776 Hic
274 717 403 777 subitam
423 717 506 794 nigro
526 715 681 794 glomerari
700 719 818 793 pulvere
839 718 951 778 nubem

193 797 379 873 Prospiciunt
399 797 506 857 Teucri
527 817 562 857 ac
582 799 717 857 tenebras
738 796 887 874 insurgere
907 796 1033 874 campis.

192 877 306 938 Primus
325 878 364 938 ab
384 877 506 937 adversa
527 879 692 936 conclamat
712 879 791 936 mole
812 876 940 938 Caicus:

194 957 287 1032 ‘Quis
308 959 421 1033 globus,
443 976 462 1016 ο
482 955 569 1028 cives,
591 956 716 1033 caligine
735 956 862 1016 volvitur
881 961 966 1016 atra?

195 1039 298 1096 ‘Ferte
318 1036 369 1097 citi
388 1039 504 1108 ferrum,
526 1037 595 1096 date
615 1038 682 1108 tela,
704 1036 854 1096 ascendite
876 1056 986 1108 muros,

196 1116 318 1176 ‘Hostis
338 1116 430 1190 adest,
453 1115 553 1176 heia!'
595 1114 713 1191 Ingenti
733 1117 862 1196 clamore
882 1136 936 1192 per
957 1135 1067 1176 omnes

195 1197 336 1257 Condunt
357 1215 389 1255 se
409 1196 516 1255 Teucri
536 1206 634 1272 portas
655 1206 685 1255 et
704 1196 824 1255 moenia
843 1197 1006 1272 complent.

196 1277 333 1353 Namque
353 1276 394 1335 ita
414 1275 570 1335 discedens
590 1287 778 1351 praeceperat
799 1275 929 1352 optimus
949 1274 1042 1335 a'rmis

195 1359 330 1416 Aeneas:
359 1355 383 1414 si
404 1375 463 1432 qua
482 1355 593 1415 interea
613 1357 730 1414 fortuna
750 1355 859 1428 suisset,

197 1437 264 1496 Neu
285 1447 395 1496 struere
416 1436 558 1495 auderent
578 1433 672 1494 aciem
694 1454 753 1494 neu
774 1437 894 1495 credere
914 1456 1027 1512 campo
1036 1457 1045 1508 ;

197 1517 301 1577 Castra
320 1516 413 1575 modo
434 1527 464 1574 et
483 1526 562 1574 tutos
582 1525 730 1574 servarent
750 1533 857 1592 aggere
877 1535 984 1574 muros.

198 1597 275 1672 Ergo
297 1595 351 1655 etsi
371 1597 503 1654 conferre
523 1614 644 1654 manum
664 1595 760 1670 pudor
779 1595 880 1671 iraque
901 1606 1056 1669 monstrat,

198 1674 339 1735 Obiciunt
360 1686 457 1750 portas
478 1685 577 1734 tamen
598 1684 628 1733 et
649 1685 807 1750 praecepta
826 1677 986 1750 facessunt,

197 1755 368 1831 Armatique
389 1754 467 1814 cavis
488 1766 659 1830 exspectant
680 1753 805 1814 turribus
825 1755 951 1816 hostem.

198 1837 315 1894 Turnus
335 1846 369 1893 ut
388 1846 457 1894 ante
476 1836 580 1894 volans
600 1835 716 1893 tardum
737 1845 936 1911 praecesserat
956 1854 1076 1912 agmen,

197 1914 309 1991 Viginti
329 1914 411 1973 lectis
433 1913 564 1990 equitum
584 1913 741 1974 comitatus
761 1925 790 1974 et
810 1915 875 1974 urbi

199 1994 369 2071 Inprovisus
388 1995 490 2068 adest3
516 1993 637 2053 maculis
657 2013 747 2070 quern
768 1994 910 2054 Thracius
930 1995 1006 2053 albis

199 2078 299 2135 Portat
320 2093 412 2150 equus
434 2073 579 2150 cristaque
599 2073 670 2150 tegit
690 2075 774 2151 galea
794 2093 883 2134 aurea
901 2077 996 2133 rubra.
1144 2095 1172 2149 50
1201 2079 1202 2114 l

200 2154 325 2231 ‘Ecquis
346 2152 407 2227 erit,
429 2172 554 2227 mecum,
576 2152 704 2228 iuvenes,
727 2153 780 2230 qui
799 2153 909 2229 primus
930 2153 961 2211 in
983 2155 1118 2214 hostem?

201 2235 279 2294 ‘En'
302 2234 350 2305 ait,
372 2244 401 2294 et
420 2232 550 2292 iaculum
570 2244 740 2309 attorquens
761 2233 868 2293 emittit
889 2234 919 2292 in
939 2253 1033 2306 auras,

199 2313 376 2390 Principium
397 2332 523 2390 pugnae,
547 2323 576 2372 et
595 2332 701 2389 campo
722 2333 786 2372 sese
806 2315 912 2373 arduus
932 2313 1025 2373 insert.

199 2396 367 2454 Clamorem
388 2393 538 2468 excipiunt
558 2392 631 2452 socii
650 2393 826 2470 fremituque
846 2404 1009 2469 sequuntur
1201 2397 1202 2472 l

200 2473 382 2534 Horrisono:
409 2475 557 2532 Teucrum
578 2472 718 2531 mirantur
738 2472 842 2534 inertia
861 2474 960 2547 corda,
1139 2493 1166 2551 55
1201 2483 1202 2492 ³

199 2556 269 2615 Non
290 2572 386 2630 aequo
406 2554 477 2611 dare
496 2571 528 2610 se
549 2571 664 2628 campo,
685 2572 748 2612 non
767 2552 856 2613 obvia
875 2556 950 2614 ferre

198 2637 290 2694 Arma
308 2633 393 2706 viros,
415 2633 468 2692 sed
488 2642 582 2692 castra
602 2633 707 2692 fovere.
751 2634 822 2692 Huc
842 2634 974 2693 turbidus
994 2644 1080 2710 atque
1098 2636 1148 2694 huc

199 2717 316 2775 Lustrat
337 2733 414 2792 equo
435 2709 534 2772 muros
555 2711 726 2789 aditumque
746 2731 799 2789 per
818 2712 883 2771 avia
904 2712 1022 2789 quaerit

198 2799 244 2855 Ac
264 2795 354 2856 veluti
374 2795 465 2871 pleno
484 2794 571 2868 lupus
592 2791 745 2852 insidiatus
766 2792 835 2851 ovili

200 2879 277 2937 Cum
296 2875 392 2935 fremit
412 2875 452 2934 ad
472 2873 579 2945 caulas,
600 2883 705 2931 ventos
724 2891 880 2950 perpessus
900 2883 930 2932 et
950 2872 1062 2947 imbres,
1134 2877 1164 2933 60

200 2958 297 3014 Nocte
319 2974 406 3031 super
425 2953 539 3013 media:
567 2951 622 3012 tuti
643 2955 698 3012 sub
719 2952 859 3011 matribus
880 2951 949 3028 agni

199 3036 333 3094 Balatum
355 3044 490 3093 exercent
496 3052 504 3105 3
530 3031 580 3090 ille
600 3050 685 3108 asper
704 3042 733 3090 et
753 3031 906 3107 improbus
926 3031 969 3091 ira

199 3113 297 3174 Saevit
318 3114 348 3172 in
369 3115 525 3172 absentes:
552 3112 677 3172 collecta
697 3111 798 3187 fatigat
818 3111 927 3170 edendi

200 3197 245 3254 Er
264 3195 354 3268 longo
374 3191 469 3250 rabies
490 3202 520 3250 et
540 3189 637 3250 siccae
657 3191 798 3266 sanguine
817 3191 937 3250 fauces:

200 3273 293 3330 Haud
313 3271 395 3326 aliter
416 3270 529 3324 Rutulo
550 3287 649 3327 muros
670 3280 700 3328 et
719 3280 813 3328 castra
832 3269 926 3327 tuenti
1127 3278 1154 3351 ⁶⁵

200 3353 358 3422 Ignescunt
378 3343 454 3414 irae,
481 3342 560 3399 duris
582 3347 667 3403 dolor
686 3344 802 3406 ossibus
822 3349 912 3420 ardet,
