2462 3678
400 110 640 170 AENEIDOS
663 111 748 170 ΜΒ.
782 113 869 170 VIII.
1065 128 1121 189 317

109 231 310 290 ‘Succedam
332 229 433 290 castris
454 233 665 308 Tyrrhenaque
689 252 778 308 regna
799 253 960 310 capessam.

110 313 204 371 ‘Sed
225 311 297 368 mihi
318 312 401 370 tarda
428 313 495 388 gelu
516 312 678 388 saeclisque
699 315 785 372 effeta
805 326 941 375 senectus

110 392 264 451 ‘Invidet
284 390 448 465 imperium,
470 411 610 467 seraeque
631 394 671 451 ad
690 393 777 452 fortia
796 394 879 454 vires.

113 473 256 530 ‘Natum
277 472 453 544 exhortarer,
475 471 506 529 ni
526 471 633 530 mixtus
654 483 747 532 matre
768 475 884 534 Sabella
1061 492 1118 551 5¹0

115 556 128 582 ‘
142 551 228 609 Hinc
249 561 363 626 partem
384 551 494 626 patriae
515 552 648 611 traheret
684 554 743 624 Tu,
764 553 846 613 cuius
867 566 897 614 et
917 554 1001 614 annis

116 633 183 690 ‘Et
203 630 303 706 generi
324 632 383 689 fata
403 630 563 707 indulgent,
586 651 676 706 quern
696 633 818 692 numina
839 647 973 710 poscunt,

119 712 312 787 ‘Ingredere
334 730 353 770 o
373 712 522 769 Teucrum
543 721 633 786 atque
654 714 762 771 Italum
784 713 940 774 fortissime
960 717 1074 775 ductor.

121 793 238 849 ‘Hunc
259 789 312 850 tibi
333 801 490 866 praeterea,
515 809 582 866 spes
601 802 631 851 et
654 792 764 850 solacia
786 794 888 865 nostri,

121 872 278 930 ‘Pallanta
297 870 457 946 adiungam
463 891 471 942 ;
494 871 549 930 sub
570 881 600 929 te
620 873 743 930 tolerare
763 872 902 948 magistro
1063 891 1119 951 515

122 950 287 1009 ‘Militiam
307 962 337 1009 et
357 969 444 1027 grave
465 950 570 1010 Martis
591 969 673 1026 opus,
696 963 748 1010 tua
771 972 891 1012 cernere
911 955 988 1014 facta

121 1032 318 1101 ‘Adsuescat
338 1029 440 1106 primis
460 1041 490 1090 et
510 1041 540 1089 te
561 1029 681 1089 miretur
700 1033 738 1091 ab
759 1032 851 1092 aunis.

123 1111 279 1169 ‘Arcadas
300 1110 369 1168 huic
390 1109 503 1185 equites
523 1111 569 1170 bis
590 1122 719 1184 centum,
741 1113 848 1172 robora
870 1113 956 1188 pubis

124 1193 247 1262 ‘Lecta
270 1191 357 1255 dabo,
378 1190 562 1265 totidemque
583 1209 637 1250 suo
658 1191 712 1250 tibi
732 1191 853 1252 nomine
874 1195 988 1252 Pallas?

165 1270 226 1328 Vix
244 1289 281 1330 ea
300 1271 376 1329 fatus
396 1281 458 1329 erat
463 1291 472 1343 3
499 1269 648 1346 defixique
669 1290 721 1330 ora
742 1273 882 1332 tenebant
1061 1290 1120 1350 5²0

123 1352 246 1410 Aeneas
267 1349 464 1409 Anchisiades
484 1361 514 1410 et
534 1351 613 1410 fidus
632 1352 771 1423 Achates,

123 1432 283 1505 Multaque
303 1432 376 1490 dura
396 1449 451 1489 suo
471 1429 545 1489 tristi
565 1450 634 1489 cum
654 1432 745 1490 corde
764 1433 927 1507 putabant;

123 1510 168 1568 Ni
189 1509 305 1585 signum
325 1512 408 1570 caelo
431 1512 577 1587 Cytherea
598 1510 728 1570 dedisset
749 1522 859 1587 aperto.

123 1592 265 1666 Namque
287 1589 445 1667 improviso
465 1591 594 1650 vibratus
614 1591 652 1650 ab
672 1593 790 1651 aethere
809 1593 903 1670 fulgor

123 1671 204 1730 Cum
224 1670 321 1728 sonitu
345 1670 433 1742 venit,
456 1681 484 1730 et
505 1689 588 1729 ruere
609 1672 710 1730 omnia
730 1671 792 1730 visa
812 1685 941 1748 repente,
1060 1690 1116 1750 525

122 1751 354 1826 Tyrrhenusque
374 1751 463 1810 tubae
483 1749 596 1826 mugire
616 1770 669 1827 per
688 1752 808 1812 aethera
828 1755 954 1830 clangor.

123 1829 312 1905 Suspiciunt:
340 1829 445 1890 itemm
466 1843 556 1905 atque
573 1831 679 1890 iterum
699 1833 796 1907 fragor
815 1832 946 1908 increpat
967 1832 1076 1909 ingens.

123 1912 217 1969 Anna
237 1909 313 1970 inter
333 1911 442 1970 nubem
463 1910 537 1970 caeli
557 1910 588 1968 in
608 1912 727 1987 regione
747 1931 850 1971 serena

124 1993 183 2050 Per
203 1992 310 2050 sudum
331 1991 447 2050 rutilare
467 1991 568 2051 vident
589 2002 620 2050 et
639 1993 724 2066 pulsa
743 2002 854 2050 tonare.

123 2071 303 2146 Obstipuere
323 2069 428 2130 animis
448 2070 498 2130 alii
508 2093 516 2144 ;
544 2073 597 2130 sed
618 2071 725 2130 Troius
745 2072 832 2130 heros
1060 2090 1119 2148 530

122 2149 275 2226 Adgnovit
296 2150 427 2209 sonitum
447 2161 476 2218 et
497 2150 583 2210 divae
603 2151 747 2226 promissa
767 2150 902 2226 parentis.

121 2233 204 2289 Tum
228 2241 384 2290 memorat:
421 2233 488 2290 ‘Ne
508 2249 587 2301 vem,
610 2232 727 2306 hospes,
747 2250 784 2290 ne
807 2250 916 2306 quaere
936 2232 1078 2307 profecto,

114 2315 131 2347 1‘
143 2312 242 2385 Quem
263 2329 365 2369 casum
386 2321 523 2386 portenta
546 2311 653 2382 ferant;
677 2329 734 2386 ego
755 2329 863 2387 poscor
884 2312 1021 2388 Olympo.

123 2393 215 2450 ‘Hoc
238 2389 353 2467 signum
377 2389 485 2450 cecinit
507 2390 660 2449 missuram
682 2391 751 2450 diva
772 2390 904 2466 creatrix,

122 2470 174 2530 ‘Si
195 2471 306 2530 bellum
326 2469 481 2545 ingrueret,
501 2470 703 2546 Volcaniaque
728 2491 809 2531 arma
830 2491 883 2548 per
906 2491 991 2531 auras
1060 2488 1116 2549 535

122 2552 282 2609 ‘laturam
305 2549 421 2610 auxilio.

123 2633 216 2689 ‘Heu
241 2641 369 2706 quantae
390 2629 504 2689 miseris
524 2631 632 2690 caedes
650 2631 846 2691 Laurentibus
868 2631 998 2691 instant!

121 2711 224 2785 ‘Quas
244 2729 355 2786 poenas
370 2709 449 2780 mihi,
473 2712 582 2782 Turne,
605 2710 703 2768 dabis!
728 2730 817 2786 quam
831 2714 925 2770 multa
946 2712 1000 2770 sub
1022 2713 1118 2770 undas

122 2792 230 2849 ‘Scuta
247 2790 341 2849 virum
365 2792 521 2866 galeasque
541 2800 572 2849 et
591 2788 677 2848 fortia
696 2809 820 2864 corpora
840 2792 948 2860 volves,

121 2871 251 2945 ‘Thybri
273 2875 375 2946 pater!
407 2872 534 2929 Poscant
557 2869 643 2942 acieS,
664 2880 693 2928 et
716 2870 836 2928 foedera
858 2872 1016 2944 rumpant!
1059 2888 1116 2946 540

167 2952 255 3009 Haec
271 2949 323 3010 ubi
345 2949 425 3010 dicta
442 2949 534 3020 dedit,
556 2948 632 3008 solio
650 2967 682 3008 se
705 2948 782 3008 tollit
808 2950 848 3008 ab
868 2951 929 3008 alto
940 2971 947 3021 ;

127 3033 165 3091 Et
187 3029 314 3106 primum
335 3029 493 3090 Herculeis
514 3029 625 3105 sopitas
647 3027 762 3104 ignibus
785 3048 849 3088 aras

126 3110 251 3182 Excitat,
269 3110 497 3186 hesternumque
522 3111 628 3168 Larem
651 3128 814 3185 parvosque
837 3111 963 3170 Penates

126 3193 236 3250 Laetus
258 3189 335 3262 adit;
350 3200 460 3249 mactat
480 3190 572 3248 lectas
593 3191 632 3248 de
654 3207 736 3248 more
759 3188 895 3249 bidentes

125 3270 282 3330 Euandrus
306 3269 420 3345 pariter,
439 3269 546 3344 pariter
569 3267 699 3328 Troiana
716 3268 859 3328 iuventus.
1057 3285 1112 3345 545

126 3352 197 3410 Post
217 3348 287 3408 hinc
307 3350 347 3408 ad
367 3367 457 3408 naves
472 3348 609 3424 graditur,
631 3348 788 3424 sociosque
808 3347 923 3411 revisit:
