2460 3686
118 112 173 169 174
364 91 400 150 P.
437 91 629 152 VERGILI
650 93 859 154 MARONIS

120 219 159 278 Et
178 227 262 293 pater
281 217 399 278 Aeneas
420 217 594 279 iamdudum
615 239 768 297 erumpere
789 223 901 281 nubem

119 299 279 358 Ardebant.
323 296 405 357 Prior
425 300 549 358 Aenean
570 303 729 376 compellat
750 302 899 363 Achates:

120 381 216 438 ‘Nate
238 378 303 450 dea,
325 397 402 454 quae
423 397 504 437 nunc
523 379 624 439 animo
645 381 791 440 sententia
811 381 924 459 surgit?

121 459 245 520 ‘Omnia
266 469 329 518 tuta
348 456 438 530 vides,
459 459 585 519 classem
606 459 761 537 sociosque
781 473 925 539 receptos.

121 541 224 602 ‘Unus
245 539 338 611 abest,
360 537 460 598 medio
480 539 510 598 in
531 540 624 599 fluctu
644 559 733 616 quem
754 541 881 602 vidimus
902 540 959 619 ipsi

120 620 329 680 ‘Submersum
339 640 348 692 ;
374 617 460 679 dictis
480 621 664 696 respondent
684 632 782 682 cetera
802 622 921 682 matris!

118 699 177 759 Vix
198 719 233 759 ea
254 700 330 759 latus
350 710 420 771 erat,
442 719 510 759 cum
531 699 707 760 circumfusa
726 713 846 778 repente

119 779 233 842 Scindit
253 798 286 840 se
306 782 401 840 nubes
422 779 503 840 etin
524 783 643 840 aethera
661 792 767 858 purgat
787 793 928 859 apertum.

119 860 240 920 Restitit
260 863 379 920 Aeneas
399 861 537 936 claraque
557 860 589 920 in
609 863 675 922 luce
694 862 808 922 refulsit

119 943 162 1002 Os
181 959 359 1016 umerosque
379 942 438 1001 deo
459 939 578 1015 similis3
601 961 729 1018 namque
750 943 815 1019 ipsa
835 943 973 1002 decoram

119 1019 286 1082 Caesariem
307 1029 378 1080 nato
398 1020 530 1097 genetrix
550 1023 710 1097 lumenque
730 1021 869 1082 iuventae

119 1104 300 1178 Purpureum
321 1109 350 1160 et
369 1101 463 1160 laetos
484 1101 577 1160 oculis
598 1103 720 1162 adflarat
738 1104 885 1162 honores:

119 1182 217 1257 Quale
237 1200 341 1241 manus
361 1182 476 1241 addunt
496 1181 578 1241 ebori
598 1183 698 1251 decus,
719 1193 769 1242 aut
790 1182 842 1242 ubi
862 1183 938 1242 flavo

117 1265 281 1338 Argentum
302 1261 440 1321 Pariusve
461 1261 535 1338 lapis
555 1262 752 1322 circumdatur
771 1281 851 1322 auro.

117 1344 196 1402 Tum
218 1340 260 1400 sic
280 1341 412 1418 reginam
432 1341 604 1418 adloquitur
623 1343 798 1418 cunctisque
817 1353 940 1419 repente

120 1420 291 1498 Inprovisus
311 1421 370 1482 ait:
399 1423 534 1494 ‘Coram,
556 1441 645 1498 quem
667 1421 812 1498 quaeritis,
834 1423 940 1482 adsum

120 1501 242 1562 ‘Troius
263 1504 389 1574 Aeneas,
412 1501 531 1579 Libycis
551 1514 671 1578 ereptus
691 1503 729 1562 ab
750 1501 845 1563 undis.

121 1583 165 1644 ‘O
187 1583 250 1643 sola
270 1581 407 1642 infandos
428 1581 535 1642 Troiae
556 1584 692 1643 miserata
711 1583 835 1656 labores,

121 1665 222 1739 ‘Quae
243 1681 306 1735 nos,
330 1661 468 1739 reliquias
491 1666 636 1736 Danaum,
659 1673 812 1739 terraeque
833 1662 981 1739 marisque

120 1743 285 1804 ‘Omnibus
304 1744 463 1803 exhaustos
483 1741 542 1802 iam
563 1743 687 1816 casibus,
710 1742 843 1802 omnium
864 1761 973 1820 egenos

120 1825 221 1884 ‘Urbe
242 1823 334 1883 domo
355 1822 460 1895 sociaS,
481 1834 577 1899 grates
598 1825 764 1900 persolvere
785 1822 890 1900 dignas
1056 1826 1117 1882 600

120 1905 207 1964 ‘Non
229 1904 294 1980 opis
315 1914 359 1964 est
380 1913 505 1974 nostrae,
529 1903 619 1978 Dido,
640 1922 698 1962 nec
718 1902 864 1980 quidquid
884 1901 995 1980 ubique
1017 1915 1063 1963 est

121 1983 242 2044 ‘Gentis
263 1983 440 2054 Dardaniae,
461 2002 603 2058 magnum
624 2003 701 2060 quae
722 2003 822 2060 sparsa
842 2003 894 2060 per
914 1985 1025 2044 orbem.

168 2063 178 2123 i
198 2062 259 2139 tibi,
284 2063 308 2124 si
329 2083 389 2140 qua
408 2061 475 2140 pios
495 2074 662 2140 respectant
682 2063 813 2135 numina,
837 2062 861 2123 si
882 2063 954 2140 quid
983 2061 1049 2132 (ff,

120 2147 272 2221 ‘Usquam
292 2143 402 2204 iustitia
422 2154 467 2205 est
488 2155 518 2204 et
539 2164 624 2204 mens
645 2143 701 2203 sibi
721 2144 841 2204 conscia
860 2143 940 2216 recti,

120 2223 270 2284 ‘Praemia
290 2224 380 2301 digna
403 2225 505 2285 serant.
549 2225 635 2299 Quae
655 2235 685 2284 te
705 2234 767 2283 tam
786 2226 865 2283 laeta
885 2225 1012 2284 tulerunt
1055 2225 1115 2301 605

121 2305 281 2365 ‘Saecula?
309 2304 360 2380 qui
381 2304 456 2363 tanti
476 2305 565 2364 talem
585 2322 715 2380 genuere
736 2306 894 2381 parentes?

120 2386 176 2444 ‘In
195 2385 269 2444 freta
289 2383 361 2442 dum
382 2384 462 2443 fluvii
485 2396 610 2458 current,
632 2387 704 2444 dum
725 2386 876 2445 montibus
896 2385 1019 2444 umbrae

120 2466 319 2524 ‘Lustrabunt
339 2482 479 2538 convexa,
500 2467 587 2541 polus
608 2467 680 2524 dum
702 2465 797 2525 sidera
817 2475 927 2542 pascet,

120 2547 261 2621 ‘Semper
279 2545 375 2603 honos
394 2563 564 2620 nomenque
584 2556 668 2605 tuum
688 2547 850 2622 laudesque
870 2546 1043 2617 manebunt,

121 2627 223 2701 ‘Quae
237 2643 285 2683 me
300 2643 428 2700 cumque
441 2636 549 2684 vocant
563 2627 672 2685 terrae.¹
715 2626 763 2687 Sic
776 2628 853 2685 satus
866 2624 995 2685 amicum
1057 2626 1120 2685 610

120 2705 236 2766 Ilionea
256 2703 329 2781 petit
351 2705 461 2779 dextra,
482 2707 626 2781 laevaque
646 2707 802 2777 Serestum,

118 2789 193 2848 Post
213 2783 294 2860 alios,
316 2786 481 2862 sortemque
501 2787 587 2861 Gyan
608 2786 774 2862 sortemque
795 2785 982 2846 Cloanthum

159 2865 321 2942 Obstupuit
341 2865 437 2942 primo
458 2875 580 2941 aspectu
601 2865 723 2925 Sidonia
744 2865 834 2938 Dido,

119 2947 198 3008 Casu
219 2944 329 3006 deinde
347 2944 400 3005 viri
419 2955 512 3018 tanto,
534 2956 564 3005 et
585 2944 628 3004 sic
648 2964 699 3005 ore
719 2947 816 3006 locuta
839 2953 902 3005 est:

119 3025 211 3100 ‘Quis
232 3036 270 3095 te,
292 3036 360 3085 nate
382 3025 447 3096 dea,
468 3044 523 3101 per
542 3035 634 3083 tanta·
646 3024 776 3104 pericula
797 3044 882 3084 casus
1056 3029 1115 3107 615

120 3103 329 3178 ‘Insequiturl
356 3103 496 3177 quaevis
520 3103 699 3164 immanibus
722 3103 852 3181 applicat
876 3103 956 3163 oris?

120 3185 224 3240 ‘Tune
247 3181 297 3240 ille
321 3184 445 3251 Aeneas,
472 3199 562 3255 quem
586 3182 737 3242 Dardanio
760 3182 908 3242 Anchisae

119 3261 225 3318 ‘Alma
248 3261 350 3318 Venus
375 3259 491 3334 Phrygii
512 3259 613 3335 genuit
637 3260 797 3321 Simoentis
820 3260 859 3320 ad
882 3263 1016 3325 undam?

118 3340 234 3412 ‘Atque
258 3336 397 3414 equidem
420 3339 570 3398 Teucrum
594 3338 715 3399 memini
737 3341 849 3402 Sidona
869 3341 970 3403 venire
