2494 3702
372 88 609 147 BUCOLICA.
652 88 746 146 ECL.
770 89 806 145 X.

88 244 161 302 ‘Me
182 240 247 302 sine
269 244 333 302 sola
354 241 445 301 vides
487 244 535 302 Ah
557 254 586 302 te
607 262 646 302 ne
667 242 773 319 frigora
794 241 930 301 laedant!

86 324 156 381 ‘Ah
177 322 232 383 tibi
253 342 292 381 ne
313 333 428 382 teneras
447 323 555 398 glacies
576 334 656 382 secet
674 341 778 398 aspera
797 324 931 398 plantas!

87 405 175 476 ‘Ibo‚
198 415 228 462 et
250 403 424 464 Chalcidico
446 415 612 478 quaesunt
633 402 706 461 mihi
726 403 849 462 condita
869 422 954 462 versu
1049 419 1088 479 50

87 483 249 542 ‘Carmina
269 482 394 559 pastoris
415 482 504 542 Siculi
526 485 704 543 modulabor
724 503 827 543 avena.

88 564 231 622 ‘Certum
253 575 297 624 est
318 563 349 622 in
370 563 458 633 silvis
480 562 556 623 inter
577 565 696 639 spelaea
716 565 850 635 ferarum,

88 645 202 703 ‘Malle
223 643 294 720 pati,
316 643 483 719 tenerisque
504 663 588 703 meos
609 642 740 703 incidere
761 663 876 703 amores

88 723 291 782 ‘Arboribus:
317 735 451 783 crescent
470 723 546 797 illae,
567 724 705 783 crescetis
726 743 849 784 amores.

88 806 230 863 ‘Interea
251 803 349 863 mixtis
370 806 501 863 lustrabo
524 806 662 864 Maenala
685 804 839 882 Nymphis,
1052 823 1089 882 55

89 888 170 942 ‘Aut
191 903 272 942 acres
293 886 425 944 venabor
444 903 539 960 apros
585 887 656 944 Non
677 904 726 944 me
747 887 806 943 ulla
827 887 970 945 vetabunt

89 964 231 1040 ‘Frigora
251 965 423 1024 Parthenios
444 965 568 1024 canibus
589 965 771 1025 circumdare
792 967 891 1026 saltus

90 1047 176 1103 ‘Iam
198 1045 271 1103 mihi
292 1065 344 1120 per
364 1065 452 1120 rupes
473 1045 575 1105 videor
595 1047 737 1122 lucosque
760 1057 899 1106 sonantes

90 1127 168 1198 ‘Ire,
188 1124 260 1184 libet
282 1126 392 1184 Partho
413 1137 549 1201 torquere
571 1125 706 1202 Cydonia
724 1145 817 1184 comu

90 1205 448 1282 ‘Spicula—Tamquam
468 1206 543 1264 haec
564 1205 601 1265 sit
621 1206 715 1265 nostri
735 1205 883 1266 medicina
903 1206 1013 1280 furoris,
1051 1209 1089 1266 60

95 1289 176 1344 ‘Aut
196 1287 271 1345 deus
291 1285 339 1344 ille
363 1285 448 1344 malis
469 1285 623 1344 hominum
644 1286 798 1346 mitescere
819 1287 933 1347 discat!

90 1369 179 1424 ‘Iam
200 1385 298 1441 neque
320 1366 547 1442 Hamadryades
567 1386 666 1426 rursus
687 1386 785 1443 neque
805 1367 936 1427 carmina
956 1368 1042 1428 nobis

91 1449 184 1522 ‘Ipsa
203 1447 339 1522 placent3
367 1446 448 1521 ipsae
468 1465 565 1506 rursus
586 1446 742 1506 concedite
763 1447 861 1508 silvae.

93 1529 190 1585 ‘Non
211 1526 293 1584 illum
314 1527 407 1584 nostri
427 1538 552 1602 possunt
574 1538 687 1587 mutare
708 1528 840 1587 labores:

93 1609 180 1666 ‘Nec
201 1606 225 1664 si
245 1606 399 1682 frigoribus
420 1607 527 1666 mediis
550 1609 745 1684 Hebrumque
766 1605 911 1681 bibamuS,
1055 1611 1091 1684 65

94 1686 320 1762 ‘Sithoniasque
341 1686 424 1746 nives
445 1687 550 1746 hiemis
571 1689 729 1747 subeamus
749 1708 888 1764 aquosae,

94 1769 182 1826 ‘Nec
203 1766 236 1839 si,
257 1786 326 1825 cum
347 1767 474 1826 moriens
496 1769 555 1826 alta
575 1769 648 1827 liber
668 1779 730 1828 aret
750 1768 781 1827 in
803 1771 893 1841 ulmo,

96 1847 296 1923 ‘Aethiopum
317 1866 466 1907 versemus
487 1867 558 1907 oves
579 1852 634 1908 sub
656 1849 751 1908 sidere
773 1849 888 1908 Cancri.

97 1927 226 1988 ‘Omnia
246 1926 336 1986 vincit
357 1930 469 1987 Amor:
497 1939 527 1986 et
547 1947 603 1987 nos
625 1930 765 1988 cedamus
785 1929 907 1989 Amori!

140 2085 229 2141 Haec
250 2091 295 2139 sat
316 2080 377 2152 erit,
400 2081 493 2152 divae,
515 2091 645 2140 vestrum
666 2080 807 2140 cecinisse
828 2091 958 2157 poetam,
1057 2099 1094 2154 70

96 2166 181 2222 Dum
203 2161 336 2221 sedetet
355 2161 456 2237 gracili
477 2162 616 2220 fiscellam
638 2160 709 2220 texit
730 2161 854 2234 hibisc0,

97 2242 248 2303 Pierides:
276 2261 329 2301 vos
350 2243 425 2300 haec
446 2241 558 2300 facietis
580 2241 708 2299 maxima
728 2242 824 2314 Gallo,

97 2325 204 2400 Galla
217 2320 300 2380 cuius
320 2341 404 2380 amor
424 2332 539 2380 tantum
559 2321 631 2379 mihi
652 2319 757 2380 crescit
777 2320 808 2379 in
829 2322 926 2393 horas

98 2405 253 2480 Quantum
274 2421 341 2462 vere
362 2420 442 2461 novo
460 2401 559 2461 viridis
581 2420 611 2460 se
633 2400 739 2460 subicit
760 2403 852 2460 alnus.

97 2487 265 2559 Surgamus
309 2483 389 2540 Solet
410 2501 473 2540 esse
494 2481 590 2558 gravis
612 2481 798 2540 cantantibus
818 2483 931 2552 umbra,
1058 2497 1092 2558 75

98 2562 232 2639 quiperi
253 2560 347 2638 gravis
368 2562 480 2634 umbra,
503 2573 612 2621 nocent
632 2573 662 2620 et
682 2560 810 2637 frugibus
831 2562 961 2621 umbrae.

99 2648 147 2705 Ite
168 2645 291 2703 domum
312 2653 435 2716 saturae,
458 2642 538 2702 venit
561 2643 722 2718 Hesperus,
743 2641 784 2702 ite
804 2643 943 2719 capellae.
