2460 3686
132 21 187 94 178
423 16 664 76 ammos
686 15 771 74 ara.
799 15 827 82 J.

132 146 204 205 Post
223 141 272 202 alii
292 161 435 220 proceres.
478 141 599 205 Cithara
619 141 739 203 crinitus
760 147 851 223 Iopas
1076 162 1135 221 740

132 226 275 284 Personat
294 234 404 296 aurata,
426 222 529 283 docuit
550 223 804 299 quammaximus
825 228 915 286 Atlas.

132 304 194 365 Hic
214 304 294 364 canit
314 313 458 363 errantem
479 303 582 363 lunam
603 303 732 378 solisque
755 308 881 379 laboreS,

131 385 223 447 Unde
243 383 398 444 hominum
419 402 511 460 genus
534 394 563 443 et
583 385 724 459 pecudes,
744 387 827 447 undo
845 387 940 446 imber
959 397 991 446 et
1011 384 1112 464 ignes.

131 468 287 524 Arcturum
308 464 480 541 pluviasque
502 463 625 540 Hyadas
646 463 841 543 geminosque
863 467 999 539 ,Triones
1196 519 1197 530 ,

131 546 214 620 Quid
234 555 347 604 tantum
369 545 493 605 Oceano
513 553 672 620 properent
694 563 726 604 se
747 545 878 623 tinguere
899 547 977 606 soles
1073 561 1131 622 745
1196 539 1197 604 i

132 625 269 699 Hiberni,
292 625 339 684 vel
360 643 436 700 quae
458 624 548 684 tardis
569 642 653 683 mora
674 624 811 686 noctibus
833 630 940 686 obstet.
1196 629 1197 642 ¹

132 705 320 782 Ingeminant
341 704 447 781 plausu
467 703 557 780 Tyrii,
578 707 731 780 Troesque
752 719 922 782 sequuntm.

132 787 279 846 Necnon
300 794 330 844 et
350 783 431 844 vario
452 795 572 843 noctem
593 802 730 844 sermone
751 788 884 846 trahebat
956 795 959 803 '

132 864 238 925 Infelix
258 864 348 938 Dido,
371 865 553 941 longumque
574 863 696 924 bibebat
716 885 856 938 amorem,

131 946 229 1005 Multa
249 963 338 1020 super
358 944 476 1004 Priamo
496 943 634 1020 rogitans,
657 962 747 1021 super
767 948 901 1006 Hectore
920 946 1029 1019 multa;
1070 961 1130 1021 750

132 1027 230 1097 Nunc,
252 1024 359 1100 quibus
380 1026 513 1084 Aurorae
534 1024 665 1085 venisset
685 1025 763 1085 filius
783 1027 880 1101 armis,

132 1107 229 1177 Nunc,
251 1105 353 1180 quales
375 1103 531 1164 Diomedis
552 1104 630 1180 equi,
652 1124 740 1178 nunc,
763 1118 891 1182 quantus
912 1104 1054 1165 Achilles

133 1186 248 1244 ‘Immo
269 1203 331 1260 age,
354 1194 383 1244 et
404 1203 422 1242 a
445 1183 547 1261 prima,
573 1184 630 1257 dic,
654 1185 774 1262 hospes,
800 1185 913 1262 origine
936 1185 1025 1246 nobis

133 1263 293 1324 ‘Insidias'
314 1262 410 1340 inquit
435 1267 587 1323 ‘Danaum
610 1283 755 1342 casusque
776 1276 893 1325 tuorum

134 1345 332 1420 ‘Erroresque
356 1355 432 1404 tuos.
475 1347 554 1403 Nam
577 1354 607 1405 te
631 1347 690 1405 iam
711 1345 840 1421 'septima
864 1355 962 1422 portat
1070 1362 1128 1423 755

135 1424 299 1487 ‘Omnibus
321 1435 468 1485 errantem
489 1424 572 1486 terris
594 1437 624 1487 et
648 1426 786 1486 fluctibus
809 1425 924 1486 aestas'
