2494 3702
152 13 207 86 146
411 18 448 76 P.
471 19 660 78 VERGILI
674 17 885 76 MARONIS

152 163 263 225 Intima
282 183 366 224 more
386 183 440 223 suo
461 181 525 223 sese
545 162 576 222 in
596 164 745 222 cunabula
764 164 902 222 condent.

128 233 243 354 J‘Sin
263 255 363 304 autem
384 245 424 304 ad
444 262 574 320 pugnam
595 241 826 302 exierint-nam
847 261 936 318 saepe
957 242 1081 301 duobus

153 325 286 402 Regibus
307 323 426 384 incessit
446 342 554 400 magno
575 321 721 382 discordia
740 334 843 394 motu;

153 405 363 481 Continuoque
384 403 499 464 animos
518 404 597 480 volgi
618 415 646 462 et
667 402 844 480 trepidantia
863 403 942 462 bello

153 486 254 547 Corda
272 484 341 545 licet
361 486 450 560 longe
469 483 663 561 praesciscere
673 506 681 558 3
708 501 837 558 namque
857 493 1008 541 morantes
1113 498 1151 553 70

153 565 279 627 Martius
299 564 348 625 ifle
368 563 442 624 aeris
462 564 543 623 rauci
564 583 654 624 canor
673 564 805 640 increpat
825 574 855 623 et
875 582 933 622 vox

153 645 280 706 Auditur
300 647 407 705 fractos
427 643 540 704 sonitus
560 643 675 703 imitata
694 643 849 717 tubarum,

152 729 233 786 Tum
254 724 386 802 trepidae
405 723 482 784 inter
501 743 533 784 se
553 734 663 783 coeunt
683 722 839 800 pinnisque
860 732 1017 782 comscant
1097 741 1099 745 ·

154 805 332 882 Spiculaque
352 814 499 863 exacuunt
517 803 616 864 rostris
636 815 798 880 aptantque
817 805 950 875 lacertos,

154 889 194 947 Et
214 885 292 945 circa
311 903 394 960 reges
413 884 479 960 ipsa
498 886 538 944 ad
557 885 702 960 praetoria
723 887 833 944 densae
1111 899 1147 958 75

154 966 320 1026 Miscentur
339 964 511 1041 magnisque
531 975 640 1025 vocant
659 964 835 1024 clamoribus
856 965 979 1024 hostem

155 1049 234 1122 Ergo
254 1044 305 1105 ubi
324 1064 376 1104 ver
395 1056 499 1104 nactae
520 1047 627 1105 sudum
648 1063 828 1121 camposque
848 1055 993 1120 patentes,

155 1129 321 1201 Erumpunt
341 1123 451 1201 portis:
479 1125 668 1196 concurritur,
690 1126 807 1184 aethere
830 1123 861 1182 in
881 1125 942 1182 alto

155 1205 202 1266 Fit
221 1205 343 1276 sonitus,
365 1224 505 1282 magnum
525 1205 633 1265 mixtae
652 1206 850 1282 glomerantur
869 1203 900 1262 in
920 1204 1025 1262 orbem

155 1285 393 1362 Praecipitesque
413 1286 541 1360 cadunt3
568 1304 629 1344 non
650 1284 769 1344 densior
789 1288 855 1344 a'e're
876 1285 997 1359 grando,
1108 1287 1148 1341 80

155 1369 220 1426 Nec
241 1367 279 1425 de
299 1384 444 1424 concussa
464 1377 578 1425 tantum
600 1364 674 1441 pluit
693 1363 759 1423 ilice
778 1364 901 1440 glandis.

156 1447 217 1524 Ipsi
238 1465 290 1522 per
310 1445 424 1505 medias
444 1444 523 1506 acies
543 1445 707 1521 insignibus
727 1444 780 1503 alis

155 1529 295 1602 Ingentes
315 1524 430 1585 animos
450 1536 576 1602 angusto
596 1526 627 1584 in
647 1536 767 1601 pectore
786 1536 911 1596 versant,

155 1609 261 1683 Usque
280 1606 356 1665 adeo
377 1604 479 1665 obnixi
498 1626 560 1666 non
580 1606 694 1678 cedere,
716 1606 787 1665 dum
807 1604 901 1682 gravis
922 1616 973 1664 aut
993 1606 1050 1665 hos

155 1689 294 1746 Anthus
314 1705 397 1746 versa
417 1687 485 1762 suga
504 1686 599 1746 victor
619 1687 688 1745 dare
708 1696 789 1762 terga
809 1685 931 1762 subegit.
1108 1689 1147 1760 85

156 1767 200 1826 Hi
219 1761 318 1826 motus
339 1765 502 1826 animomm
523 1779 613 1842 atque
633 1767 707 1824 haec
728 1765 888 1825 certamina
907 1775 990 1824 tanta

155 1846 287 1906 Pulveris
308 1844 404 1922 exigui
423 1845 502 1906 iactu
522 1864 691 1922 compressa
711 1844 874 1920 quiescunt.

194 1929 305 1986 Verum
325 1926 377 1986 ubi
397 1927 535 1986 ductores
554 1925 618 1985 acie
638 1925 819 1984 revocaveris
839 1928 937 1998 ambo,

155 2005 293 2066 Deterior
311 2005 362 2081 qui
381 2006 470 2079 visus,
491 2025 568 2078 eum,
589 2025 628 2065 ne
648 2005 787 2082 prodigus
807 2004 893 2076 obsit,

155 2087 242 2146 Dede
263 2087 347 2159 neci3
375 2086 479 2146 melior
499 2105 592 2145 vacua
612 2085 675 2144 sine
695 2096 795 2161 regnet
817 2085 847 2142 in
868 2086 957 2144 aula.-
1108 2107 1149 2162 90

154 2167 238 2224 Alter
257 2164 310 2225 erit
330 2166 453 2224 maculis
473 2185 544 2225 auro
565 2164 767 2242 squalentibus
788 2168 894 2225 ardens
904 2186 912 2237 ;

155 2247 234 2304 Nam
256 2245 317 2304 duo
337 2254 406 2304 sunt
425 2264 552 2322 genera:
579 2245 629 2304 hic
648 2245 760 2314 melior,
781 2244 903 2320 insignis
924 2254 953 2304 et
973 2263 1025 2304 ore

155 2327 195 2383 Et
214 2322 306 2382 rutilis
327 2325 421 2382 clarus
443 2326 571 2402 squamis
581 2349 589 2400 3
617 2325 666 2384 ille
686 2325 820 2385 horridus
841 2327 914 2384 alter

156 2403 287 2477 Desidia,
310 2405 459 2480 latamque
480 2407 599 2465 trahens
619 2404 759 2482 inglorius
780 2407 886 2465 alvom.

155 2485 199 2542 Ut
219 2483 307 2542 binae
325 2501 428 2560 regum
448 2485 547 2558 facies,
567 2485 608 2545 ita
628 2504 752 2562 corpora
771 2484 874 2562 plebis.
1107 2504 1146 2561 95

156 2563 293 2640 Namque
313 2563 387 2624 aliae
407 2575 505 2641 turpes
526 2567 653 2638 horrent,
676 2584 731 2626 ceu
751 2567 870 2641 pulvere
890 2565 929 2624 ab
950 2565 1011 2624 alto

155 2644 232 2704 Cum
253 2643 333 2704 venit
354 2654 384 2704 et
405 2645 484 2706 sicco
505 2657 611 2705 terram
632 2645 710 2721 spuit
731 2664 781 2704 ore
801 2646 895 2705 viator

153 2722 262 2783 Aridus
271 2748 280 2798 3
309 2725 426 2785 elucent
446 2725 521 2786 aliae
542 2737 571 2785 et
590 2727 703 2802 fulgore
722 2735 887 2797 coruscant,

153 2805 301 2864 Ardentes
321 2824 392 2864 auro
413 2816 443 2865 et
463 2805 583 2882 paribus
604 2805 655 2864 lita
675 2824 799 2882 corpora
819 2806 915 2882 guttis.

155 2885 242 2942 Haec
262 2884 360 2960 potior
379 2886 507 2959 suboles,
528 2885 599 2944 hinc
619 2884 693 2944 caeli
712 2895 845 2961 tempore
866 2895 946 2945 certo
1091 2907 1147 2944 roo

155 2963 261 3021 Dulcia
282 2966 369 3024 mella
388 2984 514 3039 premes,
536 2984 592 3023 nec
616 2974 731 3023 tantum
752 2965 857 3038 dulcia,
880 2975 1025 3041 quantum

154 3043 193 3098 Et
213 3042 326 3116 liquida
346 3051 376 3101 et
396 3043 502 3100 durum
524 3043 633 3100 Bacchi
653 3043 800 3102 domitura
820 3063 965 3120 saporem.

193 3122 234 3175 At
254 3137 323 3176 cum
344 3118 456 3176 incerta
476 3121 578 3176 volant
598 3123 741 3195 caeloque
762 3125 899 3180 examina
919 3125 1025 3184 ludunt

155 3198 417 3269 Contemnuntque
438 3197 520 3254 savos
542 3208 570 3254 et
591 3197 695 3271 frigida
715 3210 793 3258 tecta
813 3203 990 3278 relinquont,

156 3274 312 3332 Instabiles
333 3273 447 3330 animos
468 3276 540 3333 ludo
561 3276 731 3348 prohibebis
751 3278 840 3337 inani.
1091 3305 1145 3362 105
