2460 3686
129 36 184 92 182
389 36 438 106 R,
455 35 645 94 VERGILI
658 34 870 94 MARONIS

128 171 767 330 Pliillluhl'ilmlhitlfli{iiiii
782 173 887 312 {tlh

129 332 247 392 ‘Moliri
267 344 297 394 et
316 335 406 410 longo
426 332 495 392 sessi
514 330 666 393 discedere
687 333 767 392 bello
772 353 782 407 3

128 413 355 488 ‘Fecissentque
376 412 505 472 utinam!
534 431 623 489 saepe
642 413 709 471 illos
730 431 834 489 aspera
852 409 937 488 ponti
1085 431 1141 470 110

129 493 314 553 ‘Interclusit
333 492 457 569 hiemps,
479 503 507 552 et
528 492 630 551 terruit
650 496 759 551 Auster
780 503 891 552 euntes.

129 573 314 649 ‘Praecipue
336 592 405 631 curn
424 571 484 632 iarn
504 571 554 631 hic
573 570 704 631 trabibus
726 581 881 632 contextus
901 572 1022 631 acernis

128 653 239 712 ‘Staret
260 671 361 728 equus,
376 661 440 712 toto
460 662 620 712 sonuerunt
640 653 759 712 aethere
779 651 879 712 nimbi.

129 732 284 808 ‘Suspensi
304 733 484 809 Eurypylum
506 731 661 792 scitantem
684 734 803 792 oracula
824 730 938 791 Phoebi

129 811 310 885 ‘Mittimus;
330 811 413 887 isque
434 811 528 888 adytis
549 814 623 872 haec
643 811 735 872 tristia
755 812 836 872 dicta
854 821 1004 888 reportat:
1078 830 1135 887 115

127 893 291 967 ‘Sanguine
304 893 442 968 placastis
462 900 558 950 uentos
580 899 609 950 et
630 894 740 967 vz'rgr'ne
762 911 848 959 caesa,

128 973 222 1032 ‘Cum
239 974 371 1048 primum
393 973 501 1030 Ilt'crcos
522 973 631 1032 Danai
648 974 765 1032 venistis
782 974 825 1030 ad
842 991 927 1032 oras:

128 1052 291 1127 ‘Sangarite
311 1053 467 1127 quaerendi
487 1053 601 1124 reditus,
628 1055 783 1127 antinaque
802 1053 944 1119 litandum

127 1133 136 1163 ‘
143 1131 287 1207 Argolica.
330 1132 419 1208 Volgi
439 1151 517 1207 quae
537 1150 596 1191 vox
616 1141 649 1190 ut
669 1132 751 1191 venit
771 1131 810 1190 ad
831 1151 923 1202 aures,

127 1210 322 1287 ‘Obstipuere
342 1211 456 1282 animis,
476 1211 650 1287 gelidusque
670 1231 725 1287 per
743 1210 803 1270 ima
823 1210 949 1270 cucurrit
1071 1232 1133 1271 120

128 1291 221 1351 ‘Ossa
241 1302 357 1364 tremor,
379 1291 426 1350 cui
446 1293 506 1351 sata
525 1301 639 1367 parent,
661 1309 749 1366 quem
769 1301 873 1367 poscat
893 1292 1009 1368 Apollo.

127 1369 205 1428 ‘Hic
228 1372 347 1431 Ithacus
366 1381 464 1432 vatem
485 1390 595 1447 magno
617 1372 782 1432 Calchanta
802 1373 927 1430 tumultu

127 1451 291 1509 ‘Protrahit
311 1450 342 1509 in
363 1449 492 1524 medios;
519 1470 596 1528 quae
617 1450 676 1511 sint
696 1471 732 1511 ea
752 1451 873 1510 numina
893 1451 1003 1524 divom,

127 1529 277 1606 ‘Flagitat
320 1533 359 1590 Et
379 1530 452 1589 mihi
471 1529 531 1590 iam
552 1531 638 1590 multi
659 1531 777 1591 crudele
799 1531 945 1590 canebant
1166 1589 1171 1596 .

126 1609 271 1670 ‘Artificis
292 1611 394 1684 scelus,
416 1621 446 1671 et
466 1611 547 1670 taciti
567 1622 689 1671 ventura
708 1610 856 1670 videbant.
1067 1632 1103 1670 12
1108 1632 1125 1689 5

127 1689 195 1748 ‘Bis
215 1689 320 1766 quinos
341 1690 407 1750 silet
426 1690 475 1750 ille
496 1691 568 1764 dies,
589 1701 743 1766 tectusque
763 1700 879 1749 recusat

127 1771 272 1829 ‘Prodere
291 1788 365 1830 voce
386 1789 438 1829 sua
458 1789 638 1846 quemquam
659 1781 710 1830 aut
730 1789 885 1847 opponere
904 1769 999 1830 morti.

126 1847 202 1907 ‘Vix
222 1850 351 1922 tandem,
372 1849 486 1926 magnis
508 1849 603 1909 Ithaci
623 1848 800 1909 clamoribus
821 1861 912 1920 actus,

126 1929 318 2004 ‘Composito
339 1931 448 2006 rumpit
467 1949 580 1997 vocem,
603 1940 633 1988 et
654 1950 702 1990 me
722 1929 851 1990 destinat
871 1949 946 1989 arae.

125 2009 308 2069 ‘Adsensere
328 2029 440 2085 omnes,
465 2021 502 2081 et,
525 2028 601 2084 quae
622 2009 679 2069 sibi
700 2009 824 2086 quisque
843 2009 975 2081 timebat,
1062 2030 1122 2084 130
1208 2021 1209 2076 l

125 2087 241 2150 ‘Unius
261 2087 291 2146 in
312 2089 410 2149 miseri
430 2089 549 2150 exitium
571 2108 714 2148 conversa
733 2091 834 2148 tulere.
914 2146 916 2151 ,
1208 2087 1209 2162 l

126 2169 266 2244 ‘Iamque
288 2168 352 2228 dies
372 2169 494 2228 infanda
514 2170 629 2228 aderat·
659 2168 731 2227 mihi
752 2188 834 2228 sacra
853 2168 957 2245 parari,
1208 2169 1209 2172 ’

126 2249 181 2306 ‘Et
202 2241 294 2307 salsa}
314 2236 418 2325 irugeS,
440 2259 470 2307 et
490 2247 600 2307 circum
621 2259 754 2325 tempora
774 2248 872 2309 vittae.

126 2326 253 2403 ‘Eripui‚
274 2329 374 2400 fateor,
396 2330 457 2388 leto
477 2347 533 2400 me,
556 2339 587 2388 et
606 2327 725 2388 vincula
743 2327 808 2404 rupi
814 2349 823 2400 3

125 2405 321 2482 ‘Limosoque
342 2409 407 2466 lacu
428 2427 481 2484 per
500 2418 620 2468 noctem
641 2408 783 2468 obscurus
803 2407 834 2466 in
854 2409 923 2468 ulva
1060 2426 1116 2485 135

125 2485 261 2560 ‘Delitui,
282 2486 354 2545 dum
375 2487 441 2546 vela
461 2487 571 2560 darent,
594 2487 618 2546 si
638 2490 714 2548 forte
734 2489 890 2548 dedissent

124 2567 207 2624 ‘Nec
227 2565 299 2624 mihi
319 2565 378 2625 iam
398 2565 522 2642 patriam
536 2567 688 2644 antiquam
709 2586 778 2644 spes
798 2569 859 2626 ulla
878 2566 1006 2640 videndi,

125 2647 207 2704 ‘Nec
227 2646 328 2706 dulces
350 2656 436 2705 natos
457 2657 686 2723 exoptatumque
707 2658 860 2724 parentem
867 2667 875 2720 ;
1208 2711 1209 2720 χ

125 2726 225 2800 ‘Quos
245 2724 287 2785 illi
307 2727 366 2785 sors
387 2738 417 2785 et
437 2744 549 2802 poenas
570 2728 610 2786 ob
631 2737 731 2786 nostra
750 2737 906 2804 reposcent
1208 2731 1209 2798 l

123 2805 264 2881 ‘Effugia
286 2814 316 2865 et
336 2807 454 2882 culpam
474 2807 552 2864 hanc
572 2806 744 2866 miserorum
766 2817 860 2866 morte
879 2806 1011 2883 piabunt
1058 2828 1115 2882 140
1208 2804 1209 2874 l

124 2884 230 2958 ‘Quod
251 2896 281 2945 te
300 2905 355 2961 per
374 2904 494 2962 superos
515 2896 544 2945 et
564 2886 684 2946 conscia
704 2886 825 2945 numina
844 2886 913 2958 veri,

123 2966 204 3036 ‘Per‚
227 2961 252 3022 si
272 2983 331 3038 qua
351 2975 404 3035 est,
426 2984 503 3041 quae
523 2975 612 3024 restet
632 2967 730 3026 adhuc
750 2965 922 3026 mortalibus
943 2985 1068 3042 usquam

125 3045 322 3100 ‘Intemerata
342 3043 424 3111 fides,
447 3060 507 3112 or0,
529 3045 665 3103 miserere
685 3046 820 3104 laborum

122 3120 310 3185 ‘Tantorum
332 3117 468 3174 miserere
489 3119 579 3176 animi
600 3141 660 3180 non
681 3123 770 3198 digna
790 3123 927 3182 ferentis)

163 3194 239 3281 ‘His
259 3193 386 3280 lacrimis
407 3193 503 3281 vitam¹
518 3196 631 3268 damus,
653 3211 682 3257 et
702 3201 918 3260 miserescimus
939 3203 1023 3262 ultro.
1055 3221 1107 3282 145
1208 3245 1209 3276 s

123 3272 192 3346 Ipse
211 3288 274 3328 viro
295 3287 406 3345 pnmus
426 3288 555 3329 manrcas
576 3283 664 3348 atque
684 3288 747 3337 arta
766 3279 855 3338 levari
1208 3277 1209 3316 ³
