2462 3678
387 97 626 156 'AENEIDOS
651 98 735 156 LIB.
766 98 834 156 VII.
1052 115 1108 171 303

155 225 226 300 Ipse
247 221 323 282 inter
342 220 453 298 primos
475 219 635 296 praestanti
653 239 777 296 corpore
797 222 915 280 Turnus

92 303 244 364 Vertitur
264 320 346 360 arma
367 312 480 372 tenens,
504 312 533 361 et
556 311 620 361 toto
644 300 752 360 vertice
774 319 861 376 supra
883 312 945 361 est:

94 383 171 446 Cui
193 381 299 458 triplici
321 380 425 440 crinita
445 379 516 440 iuba
536 382 620 456 galea
637 383 697 439 alta
721 380 909 441 Chimaeram
1052 383 1107 457 785

95 463 252 534 Sustinet,
274 463 424 521 Aetnaeos
445 461 593 520 efflantem
613 460 747 520 faucibus
769 460 873 537 ignes;

96 545 192 602 Tam
214 541 306 619 magis
330 541 380 600 illa
402 542 539 612 fremenS,
563 550 593 600 et
617 540 745 600 tristibus
766 543 855 601 effera
872 541 1006 614 flammis,

98 625 214 699 Quam
233 621 325 698 magis
348 623 442 680 effuso
461 621 639 680 crudescunt
660 620 802 697 sanguine
821 639 946 697 pugnae.

100 707 153 762 At
175 704 272 762 levem
290 700 419 777 clipeum
442 699 563 760 sublatis
586 699 723 760 cornibus
749 703 784 759 Io

101 785 198 842 Auro
221 781 388 858 insignibat,
408 780 466 839 iarn
489 780 576 841 saetis
598 779 703 851 obsita,
726 779 785 839 iarn
808 781 872 853 bos,
1050 798 1107 856 790

101 866 329 939 Argumentum
351 861 462 936 ingens,
486 871 516 920 et
537 871 637 920 custos
659 860 778 936 virginis
801 863 906 937 Argus,

105 943 296 1018 Caelataque
318 961 436 1001 amnem
458 941 584 1000 fundens
603 951 686 1016 pater
707 942 837 999 Inachus
855 960 935 1000 urna

107 1021 285 1098 Insequitur
306 1021 425 1080 nimbus
448 1020 591 1096 peditum,
611 1019 796 1096 clipeataque
817 1019 887 1079 totis
995 1043 996 1046 ¹

106 1101 244 1180 Agmina
262 1103 423 1162 densentur
443 1099 564 1176 campis,
585 1099 753 1176 Argivaque
771 1101 865 1176 pubes

88 1185 329 1257 ‚Auruncaeque
350 1200 465 1250 manus,
486 1179 590 1240 Rutuli
607 1192 780 1254 veteresque
800 1179 906 1252 Sicani,
1050 1196 1105 1258 795

108 1265 153 1323 Et
176 1265 320 1322 Sacranae
338 1261 416 1320 acies
435 1271 465 1321 et
488 1259 559 1336 picti
578 1271 662 1320 scuta
684 1259 804 1318 Labici:

110 1341 176 1418 Qui
194 1344 293 1415 saltus,
316 1340 465 1414 Tiberine,
485 1351 560 1412 tuos,
581 1358 755 1415 sacrumque
775 1339 895 1398 Numici

53 1466 59 1474 .
110 1422 199 1482 Litus
218 1433 309 1494 arant,
330 1423 516 1495 Rutulosque
537 1431 674 1479 exercent
694 1439 814 1480 vomere
834 1421 933 1492 colles,

110 1502 331 1577 Circaeumque
349 1500 471 1576 iugum;
497 1499 564 1575 quis
583 1499 698 1575 Iupiter
717 1502 854 1559 Anxurus
873 1500 947 1560 arvis

110 1582 278 1654 Praesidet‚
301 1593 330 1640 et
351 1580 437 1640 viridi
456 1581 588 1656 gaudens
609 1579 734 1638 Feronia
752 1581 819 1640 luco
828 1601 837 1654 3
1049 1584 1108 1638 800

110 1665 184 1738 Qua
205 1664 325 1722 Saturae
343 1661 420 1721 iacet
439 1671 502 1719 atra
519 1661 611 1736 palus,
629 1660 802 1737 gelidusque
822 1680 875 1736 per
894 1661 968 1720 imas
1042 1653 1057 1684 '

111 1741 238 1817 Quaerit
260 1741 314 1802 iter
335 1743 425 1800 valles
444 1752 532 1816 atque
551 1739 582 1798 in
601 1759 681 1799 mare
700 1740 837 1799 conditur
855 1742 968 1812 Ufens.¹

157 1825 224 1882 Hos
243 1841 331 1898 super
351 1819 472 1880 advenit
494 1822 604 1879 Volsca
622 1822 661 1880 de
678 1830 766 1896 gente
787 1819 919 1892 Camilla,

110 1907 232 1980 Agmen
254 1921 343 1979 agens
364 1899 497 1976 equitum
517 1911 546 1960 et
564 1901 702 1959 florentes
721 1919 787 1959 aere
807 1911 946 1972 catervas,

112 1981 262 2053 BellatriX,
285 2001 348 2040 non
370 1980 420 2039 illa
441 1981 508 2039 colo
528 1979 687 2039 calathisve
709 1979 862 2038 Minervae
1049 1982 1104 2056 805

111 2063 271 2124 Femineas
293 2058 417 2120 adsueta
438 2077 552 2131 manus,
575 2061 629 2119 sed
647 2060 759 2135 proelia
778 2059 859 2134 virgo

113 2147 200 2202 Dura
218 2141 287 2218 pati,
307 2159 452 2216 cursuque
470 2141 580 2216 pedum
602 2150 785 2216 praevertere
806 2149 918 2198 ventos.

113 2225 173 2282 Illa
191 2224 238 2282 vel
256 2222 384 2280 intactae
403 2220 509 2296 segetis
528 2237 714 2295 persumma
729 2219 842 2278 volaret

112 2302 264 2376 Gramina,
287 2321 344 2360 nec
362 2311 476 2360 teneras
495 2319 581 2358 cursu
598 2299 729 2359 laesisset
748 2298 850 2358 aristas
859 2320 868 2373 ;

111 2385 172 2443 Vel
189 2401 269 2441 mare
288 2401 342 2458 per
360 2379 502 2452 medium,
522 2379 611 2438 fluctu
633 2399 774 2456 suspensa
792 2378 926 2452 tumenti,
1049 2383 1106 2438 810

113 2466 217 2523 Ferret
236 2461 298 2532 iter,
324 2462 432 2520 celeres
451 2478 548 2535 neque
567 2459 711 2535 tingueret
729 2479 856 2536 aequore
876 2461 1000 2536 plantas.

113 2546 204 2604 Illam
224 2541 321 2600 omnis
339 2541 423 2600 tectis
442 2540 577 2616 agrisque
597 2542 689 2600 effusa
708 2539 844 2600 iuventus

112 2625 276 2697 Turbaque
297 2621 418 2679 miratur
437 2631 564 2679 matrum
587 2630 617 2680 et
637 2631 805 2696 prospectat
823 2631 954 2692 euntem,

112 2701 257 2763 Attonitis
276 2700 392 2760 inhians
411 2699 525 2772 animis,
545 2710 579 2758 ut
597 2699 693 2775 regius
712 2711 792 2759 ostro

112 2784 202 2844 Velet
220 2783 317 2840 honos
338 2782 417 2840 leves
435 2781 580 2852 humeros,
600 2791 633 2838 ut
651 2779 741 2837 fibula
759 2777 870 2836 crinem
1049 2784 1105 2856 815
1124 2845 1127 2850 ¹

113 2867 197 2923 Auro
219 2861 401 2932 internectat,
426 2859 545 2936 Lyciam
569 2868 602 2917 ut
623 2867 705 2934 gerat
723 2857 788 2934 ipsa
808 2858 973 2933 pharetram

113 2947 155 3006 Et
173 2942 352 3020 pastoralem
369 2942 497 3017 praefixa
517 2937 640 3015 cuspide
659 2949 793 3014 myrtum.
