2494 3702
167 99 221 156 162
415 96 450 155 P.
488 94 678 154 VERGILI
698 92 911 152 MARONIS

166 225 272 285 ‘Scuta
294 222 389 284 vinum
411 224 568 300 galeasque
593 232 623 282 et
645 219 731 281 fortia
754 240 879 298 corpora
899 219 1028 281 volvit?’

205 304 292 365 Talia
312 303 432 363 iactanti
456 303 582 363 stridens
604 301 753 378 Aquilone
776 303 906 378 procella

165 386 273 445 Velum
297 385 421 444 adversa
443 382 517 458 ferit,
542 385 709 459 fluctusque
731 384 771 442 ad
794 380 890 441 sidera
913 379 995 440 tollit

166 464 352 542 Franguntur
374 463 466 535 remi;
494 474 557 523 tum
582 482 668 539 prora
689 461 792 522 avertit
816 472 846 522 et
868 461 956 522 undis

166 548 228 604 Dat
241 547 334 618 latus3
355 543 517 620 insequitur
530 544 651 603 cumulo
665 553 838 619 praeruptus
852 561 948 618 aquae
963 559 1058 600 mons.
1111 557 1167 618 105
1224 585 1225 648 l

1224 649 1225 686 l

167 625 211 684 Hi
235 644 352 685 summo
375 624 405 682 in
430 625 521 682 fluctu
544 625 688 701 pendent,
711 622 758 681 his
782 624 864 682 unda
885 621 1042 681 dehiscens

166 707 287 764 Terram
313 703 389 764 inter
410 705 518 762 fluctus
541 704 651 779 aperit;
679 703 748 762 furit
772 714 871 762 aestus
895 701 999 762 arenis.

166 787 240 844 Tres
265 787 363 843 Notus
387 786 524 860 abreptas
546 783 578 841 in
601 803 671 842 saxa
694 783 817 842 latentia
838 792 973 858 torquet3

168 866 244 924 Saxa
264 873 373 924 vocant
395 863 463 923 Itali
484 863 590 923 mediis
614 882 691 939 quae
713 863 744 921 in
768 863 904 922 fluctibus
927 879 999 934 aras

168 946 298 1005 Dorsum
321 943 442 1003 inmane
463 943 536 1002 mari
560 963 695 1014 summo;
722 953 782 1002 tres
807 945 902 1001 Eurus
926 943 965 1000 ab
989 942 1052 1000 alto
1112 961 1168 999 110

168 1027 206 1083 In
227 1024 326 1084 brevia
349 1035 379 1083 et
403 1033 495 1098 syrtes
517 1034 621 1100 urguet
646 1023 824 1101 (miserabile
849 1020 927 1100 visu)

169 1103 331 1180 inliditque
352 1102 435 1162 vadis
453 1114 542 1180 atque
565 1123 670 1180 aggere
693 1102 785 1178 cingit
806 1103 940 1161 harenae.

168 1187 279 1256 Unam,
301 1202 378 1260 quae
403 1184 509 1260 Lycios
533 1185 683 1259 fidumque
707 1184 834 1242 vehebat
858 1184 1002 1254 Oronten,

169 1262 267 1341 Ipsius
291 1274 361 1323 ante
385 1265 487 1323 oculos
509 1262 612 1340 ingens
637 1284 655 1322 a
679 1263 788 1322 vertice
811 1272 922 1340 pontus

170 1345 207 1402 In
228 1342 352 1420 puppim
374 1343 456 1402 serit:
485 1342 629 1402 excutitur
652 1362 824 1419 pronusque
845 1341 983 1418 magister
1113 1359 1167 1418 115

168 1422 305 1483 Volvitur
327 1421 359 1481 in
381 1434 469 1499 caput
481 1443 489 1495 ;
519 1434 563 1484 ast
585 1423 666 1482 illam
690 1433 734 1482 ter
751 1423 859 1482 fluctus
880 1422 994 1481 ibidem

168 1505 302 1578 Torquet
323 1521 414 1578 agens
436 1503 555 1574 circum,
579 1514 609 1562 et
631 1503 750 1578 rapidus
771 1513 854 1563 vorat
877 1503 1007 1576 aequore
1029 1513 1144 1562 vortex.

169 1587 323 1660 Apparent
345 1581 400 1642 rari
423 1594 528 1642 nantes
551 1581 583 1641 in
602 1583 715 1659 gurgite
735 1594 827 1655 vasto,

170 1667 261 1722 Arma
283 1662 377 1721 virum
401 1665 577 1738 tabulaeque
600 1675 631 1722 et
654 1666 745 1722 Troia
765 1682 837 1739 gaza
858 1681 911 1740 per
931 1663 1037 1723 undas.

171 1744 235 1802 lam
260 1742 387 1802 validam
410 1741 516 1802 Ilionei
541 1763 656 1816 navem,
681 1743 741 1802 iarn
763 1743 846 1803 fortis
869 1743 984 1814 Achati,
1115 1764 1169 1801 120

171 1826 210 1882 Et
232 1825 290 1899 qua
311 1833 413 1882 vectus
437 1823 527 1895 Abas,
550 1834 579 1882 et
601 1841 660 1899 qua
681 1825 864 1899 grandaevus
885 1825 996 1896 Aletes,

170 1901 250 1960 Vicit
273 1901 406 1978 hiemps;
433 1903 506 1962 laxis
528 1905 653 1962 laterum
675 1903 869 1980 compagibus
893 1921 997 1961 omnes

170 1980 331 2059 Accipiunt
354 1982 507 2042 inimicum
531 1982 655 2042 imbrem
677 1983 817 2059 rimisque
838 1983 984 2042 fatiscunt.

211 2064 329 2122 Interea
350 2083 458 2139 magno
480 2062 596 2122 misceri
619 2082 766 2122 murmure
789 2074 916 2140 pontum

172 2143 379 2218 Emissamque
402 2143 530 2202 hiemem
553 2143 644 2202 sensit
667 2145 824 2219 Neptunus
846 2155 876 2203 et
896 2141 964 2202 imis
1112 2161 1166 2219 1²5

171 2225 280 2298 Stagna
303 2224 401 2282 refusa
422 2222 513 2296 vadis,
536 2223 658 2298 graviter
680 2234 865 2298 commotus3
892 2234 923 2283 et
945 2224 1007 2282 alto

172 2300 358 2378 Prospiciens
380 2320 497 2361 summa
519 2302 670 2379 placidum
694 2315 784 2379 caput
809 2303 911 2363 extulit
932 2303 1020 2362 unda

174 2381 335 2441 Disiectam
357 2385 479 2442 Aeneae
500 2393 565 2442 toto
586 2383 668 2442 videt
691 2403 820 2459 aequore
842 2385 975 2458 classem,

172 2461 325 2522 Fluctibus
349 2481 506 2538 oppressos
529 2464 623 2522 Troas
644 2463 777 2538 caelique
799 2463 891 2524 ruina.

173 2543 238 2600 Nec
262 2542 372 2602 latuere
397 2541 459 2601 doli
481 2544 599 2601 fratrem
618 2542 742 2602 Iunonis
765 2555 795 2603 et
816 2544 883 2603 irae.
1111 2563 1168 2618 130

173 2622 283 2679 Eurum
308 2623 348 2681 ad
371 2641 403 2681 se
428 2623 654 2698 Zephyrumque
678 2635 774 2696 vocat,
799 2623 909 2683 dehinc
931 2621 1001 2682 talia
1022 2623 1119 2681 fatur:

214 2705 367 2761 ‘Tantane
388 2721 441 2762 vos
465 2701 579 2779 generis
601 2702 696 2762 tenuit
717 2704 826 2764 fiducia
847 2701 956 2763 vestri?

174 2783 257 2840 ‘Iam
280 2782 394 2841 caelum
416 2793 580 2857 terramque
602 2802 669 2842 meo
694 2783 759 2842 sine
780 2783 910 2856 numine,
933 2781 1023 2854 venti,

174 2861 329 2933 ‘Miscere
354 2873 383 2921 et
406 2872 503 2920 tantas
526 2863 640 2922 audetis
665 2864 767 2922 tollere
790 2865 906 2922 moles?

174 2941 277 3015 ‘Quos
299 2942 450 3016 ego—sed
471 2952 569 3001 motos
591 2953 719 3018 praestat
741 2961 921 3018 componere
944 2943 1069 3002 fluctus:
1111 2960 1166 3021 135

174 3022 263 3080 ‘Post
284 3020 357 3079 mihi
379 3040 440 3080 non
464 3021 551 3080 simili
572 3040 671 3096 poena
692 3022 850 3082 commissa
871 3022 966 3082 luetis.

175 3103 341 3158 ‘Maturate
363 3101 470 3172 fugam,
495 3100 615 3172 regique
637 3103 711 3160 haec
736 3102 826 3160 dicite
847 3113 963 3162 vestro:

176 3179 263 3236 ‘Non
287 3177 329 3233 illi
351 3175 505 3248 imperium
529 3177 626 3252 pelagi
648 3198 828 3254 saevumque
849 3181 1016 3254 tridentem,

176 3255 251 3312 ‘Sed
273 3252 345 3310 mihi
367 3261 445 3310 sorte
469 3254 579 3310 datum.
622 3258 719 3316 Tenet
743 3259 792 3317 ille
816 3259 946 3318 inmania
970 3279 1048 3335 saxa,

176 3332 320 3401 ‘Vestras
347 3330 439 3401 Eure„
455 3330 579 3404 domos5
606 3331 657 3390 illa
679 3353 711 3394 se
733 3336 821 3396 iactet
842 3337 874 3396 in
895 3341 964 3399 aula
1112 3361 1166 3416 140
