<?xml version="1.0" encoding="UTF-8"?>
<!DOCTYPE html PUBLIC "-//W3C//DTD XHTML 1.0 Transitional//EN"
    "http://www.w3.org/TR/xhtml1/DTD/xhtml1-transitional.dtd">
<html xmlns="http://www.w3.org/1999/xhtml" xml:lang="en" lang="en">
 <head>
  <title>
</title>
<meta http-equiv="Content-Type" content="text/html;charset=utf-8" />
  <meta name='ocr-system' content='tesseract 3.04.00' />
  <meta name='ocr-capabilities' content='ocr_page ocr_carea ocr_par ocr_line ocrx_word'/>
</head>
<body>
  <div class='ocr_page' id='page_1' title='image "./pvergilimaronis13virggoog/pvergilimaronis13virggoog_0208.png"; bbox 0 0 2460 3686; ppageno 0'>
   <div class='ocr_carea' id='block_1_1' title="bbox 398 77 809 138">
    <p class='ocr_par' dir='ltr' id='par_1_1' title="bbox 398 77 809 138">
     <span class='ocr_line' id='line_1_1' title="bbox 398 77 809 138; baseline 0.002 -2"><span class='ocrx_word' id='word_1_1' title='bbox 398 77 638 138; x_wconf 86' lang='lat' dir='ltr'><em>AENEIDOS</em></span> <span class='ocrx_word' id='word_1_2' title='bbox 656 80 742 137; x_wconf 82' lang='lat' dir='ltr'><em>LIB.</em></span> <span class='ocrx_word' id='word_1_3' title='bbox 766 80 809 138; x_wconf 90' lang='lat' dir='ltr'>II.</span> 
     </span>
    </p>
   </div>
   <div class='ocr_carea' id='block_1_2' title="bbox 100 207 1110 1648">
    <p class='ocr_par' dir='ltr' id='par_1_2' title="bbox 100 207 716 274">
     <span class='ocr_line' id='line_1_2' title="bbox 100 207 716 274; baseline 0 -7"><span class='ocrx_word' id='word_1_4' title='bbox 100 211 114 240; x_wconf 91' lang='lat'>‘</span> <span class='ocrx_word' id='word_1_5' title='bbox 130 207 290 274; x_wconf 89' lang='lat' dir='ltr'>Dardanis,</span> <span class='ocrx_word' id='word_1_6' title='bbox 311 217 342 266; x_wconf 90' lang='lat' dir='ltr'>et</span> <span class='ocrx_word' id='word_1_7' title='bbox 362 207 448 267; x_wconf 91' lang='lat' dir='ltr'>divae</span> <span class='ocrx_word' id='word_1_8' title='bbox 468 208 592 267; x_wconf 88' lang='lat' dir='ltr'>Veneris</span> <span class='ocrx_word' id='word_1_9' title='bbox 614 227 716 267; x_wconf 92' lang='lat' dir='ltr'>nurus:</span> 
     </span>
    </p>

    <p class='ocr_par' dir='ltr' id='par_1_3' title="bbox 101 285 937 364">
     <span class='ocr_line' id='line_1_3' title="bbox 101 285 937 364; baseline -0.001 -15"><span class='ocrx_word' id='word_1_10' title='bbox 101 290 190 349; x_wconf 91' lang='lat' dir='ltr'>‘Sed</span> <span class='ocrx_word' id='word_1_11' title='bbox 211 307 261 347; x_wconf 89' lang='lat' dir='ltr'>me</span> <span class='ocrx_word' id='word_1_12' title='bbox 282 306 390 363; x_wconf 85' lang='lat' dir='ltr'>magna</span> <span class='ocrx_word' id='word_1_13' title='bbox 409 289 500 346; x_wconf 88' lang='lat' dir='ltr'>deum</span> <span class='ocrx_word' id='word_1_14' title='bbox 520 288 653 364; x_wconf 85' lang='lat' dir='ltr'>genetrix</span> <span class='ocrx_word' id='word_1_15' title='bbox 673 288 718 347; x_wconf 93' lang='lat' dir='ltr'>his</span> <span class='ocrx_word' id='word_1_16' title='bbox 739 287 852 348; x_wconf 86' lang='lat' dir='ltr'><strong>detinet</strong></span> <span class='ocrx_word' id='word_1_17' title='bbox 872 285 937 348; x_wconf 79' lang='lat' dir='ltr'>oris</span> 
     </span>
    </p>

    <p class='ocr_par' dir='ltr' id='par_1_4' title="bbox 105 367 937 444">
     <span class='ocr_line' id='line_1_4' title="bbox 105 367 937 444; baseline -0.001 -17"><span class='ocrx_word' id='word_1_18' title='bbox 105 371 257 444; x_wconf 86' lang='lat' dir='ltr'>‘lamque</span> <span class='ocrx_word' id='word_1_19' title='bbox 277 369 351 439; x_wconf 85' lang='lat' dir='ltr'>vale,</span> <span class='ocrx_word' id='word_1_20' title='bbox 366 380 396 427; x_wconf 91' lang='lat' dir='ltr'>et</span> <span class='ocrx_word' id='word_1_21' title='bbox 416 367 479 426; x_wconf 89' lang='lat' dir='ltr'>nati</span> <span class='ocrx_word' id='word_1_22' title='bbox 499 387 581 426; x_wconf 87' lang='lat' dir='ltr'>serva</span> <span class='ocrx_word' id='word_1_23' title='bbox 602 369 767 428; x_wconf 92' lang='lat' dir='ltr'>communis</span> <span class='ocrx_word' id='word_1_24' title='bbox 788 371 937 428; x_wconf 71' lang='lat' dir='ltr'>amorem!</span> 
     </span>
    </p>

    <p class='ocr_par' dir='ltr' id='par_1_5' title="bbox 104 447 1109 524">
     <span class='ocr_line' id='line_1_5' title="bbox 104 447 1109 524; baseline -0.002 -17"><span class='ocrx_word' id='word_1_25' title='bbox 104 451 201 507; x_wconf 87' lang='lat' dir='ltr'>Haec</span> <span class='ocrx_word' id='word_1_26' title='bbox 222 447 273 507; x_wconf 91' lang='lat' dir='ltr'>nbi</span> <span class='ocrx_word' id='word_1_27' title='bbox 295 447 375 508; x_wconf 87' lang='lat' dir='ltr'>dicta</span> <span class='ocrx_word' id='word_1_28' title='bbox 395 448 485 518; x_wconf 88' lang='lat' dir='ltr'><strong>dedit,</strong></span> <span class='ocrx_word' id='word_1_29' title='bbox 500 449 702 508; x_wconf 84' lang='lat' dir='ltr'>lacrimantem</span> <span class='ocrx_word' id='word_1_30' title='bbox 724 461 753 508; x_wconf 95' lang='lat' dir='ltr'>et</span> <span class='ocrx_word' id='word_1_31' title='bbox 774 450 867 507; x_wconf 92' lang='lat' dir='ltr'>multa</span> <span class='ocrx_word' id='word_1_32' title='bbox 886 449 1034 508; x_wconf 88' lang='lat' dir='ltr'>volentem</span> <span class='ocrx_word' id='word_1_33' title='bbox 1052 463 1109 524; x_wconf 89' lang='lat'>790</span> 
     </span>
    </p>

    <p class='ocr_par' dir='ltr' id='par_1_6' title="bbox 107 527 867 603">
     <span class='ocr_line' id='line_1_6' title="bbox 107 527 867 603; baseline -0.001 -16"><span class='ocrx_word' id='word_1_34' title='bbox 107 529 223 587; x_wconf 86' lang='lat' dir='ltr'><strong>Dicere</strong></span> <span class='ocrx_word' id='word_1_35' title='bbox 244 527 379 600; x_wconf 88' lang='lat' dir='ltr'>deseruit,</span> <span class='ocrx_word' id='word_1_36' title='bbox 402 538 564 603; x_wconf 85' lang='lat' dir='ltr'>tenuesque</span> <span class='ocrx_word' id='word_1_37' title='bbox 585 530 704 588; x_wconf 85' lang='lat' dir='ltr'>recessit</span> <span class='ocrx_word' id='word_1_38' title='bbox 725 528 755 586; x_wconf 92' lang='lat' dir='ltr'>in</span> <span class='ocrx_word' id='word_1_39' title='bbox 776 548 867 588; x_wconf 88' lang='lat' dir='ltr'>auras.</span> 
     </span>
    </p>

    <p class='ocr_par' dir='ltr' id='par_1_7' title="bbox 107 607 876 682">
     <span class='ocr_line' id='line_1_7' title="bbox 107 607 876 682; baseline 0.001 -16"><span class='ocrx_word' id='word_1_40' title='bbox 107 611 174 668; x_wconf 89' lang='lat' dir='ltr'>Ter</span> <span class='ocrx_word' id='word_1_41' title='bbox 193 621 318 668; x_wconf 89' lang='lat' dir='ltr'>conatus</span> <span class='ocrx_word' id='word_1_42' title='bbox 339 608 381 666; x_wconf 93' lang='lat' dir='ltr'>ibi</span> <span class='ocrx_word' id='word_1_43' title='bbox 401 609 479 667; x_wconf 90' lang='lat' dir='ltr'>collo</span> <span class='ocrx_word' id='word_1_44' title='bbox 500 610 571 667; x_wconf 93' lang='lat' dir='ltr'>dare</span> <span class='ocrx_word' id='word_1_45' title='bbox 591 609 729 668; x_wconf 89' lang='lat' dir='ltr'>bracchia</span> <span class='ocrx_word' id='word_1_46' title='bbox 748 607 876 682; x_wconf 83' lang='lat' dir='ltr'>circum3</span> 
     </span>
    </p>

    <p class='ocr_par' dir='ltr' id='par_1_8' title="bbox 107 688 869 764">
     <span class='ocr_line' id='line_1_8' title="bbox 107 688 869 764; baseline -0.001 -17"><span class='ocrx_word' id='word_1_47' title='bbox 107 691 174 747; x_wconf 90' lang='lat' dir='ltr'>Ter</span> <span class='ocrx_word' id='word_1_48' title='bbox 195 690 300 747; x_wconf 87' lang='lat' dir='ltr'>frustra</span> <span class='ocrx_word' id='word_1_49' title='bbox 319 707 494 764; x_wconf 89' lang='lat' dir='ltr'>comprensa</span> <span class='ocrx_word' id='word_1_50' title='bbox 514 707 619 747; x_wconf 88' lang='lat' dir='ltr'>manus</span> <span class='ocrx_word' id='word_1_51' title='bbox 641 688 741 764; x_wconf 86' lang='lat' dir='ltr'>effugit</span> <span class='ocrx_word' id='word_1_52' title='bbox 761 688 869 764; x_wconf 83' lang='lat' dir='ltr'>imago,</span> 
     </span>
    </p>

    <p class='ocr_par' dir='ltr' id='par_1_9' title="bbox 108 767 924 844">
     <span class='ocr_line' id='line_1_9' title="bbox 108 767 924 844; baseline 0.002 -18"><span class='ocrx_word' id='word_1_53' title='bbox 108 771 171 827; x_wconf 88' lang='lat' dir='ltr'>Par</span> <span class='ocrx_word' id='word_1_54' title='bbox 191 767 307 827; x_wconf 90' lang='lat' dir='ltr'>levibns</span> <span class='ocrx_word' id='word_1_55' title='bbox 326 767 430 840; x_wconf 87' lang='lat' dir='ltr'>ventis,</span> <span class='ocrx_word' id='word_1_56' title='bbox 451 767 622 844; x_wconf 86' lang='lat' dir='ltr'>volucrique</span> <span class='ocrx_word' id='word_1_57' title='bbox 642 768 790 828; x_wconf 91' lang='lat' dir='ltr'>simillima</span> <span class='ocrx_word' id='word_1_58' title='bbox 810 788 924 828; x_wconf 84' lang='lat' dir='ltr'>somno</span> 
     </span>
    </p>

    <p class='ocr_par' dir='ltr' id='par_1_10' title="bbox 107 847 1108 1005">
     <span class='ocr_line' id='line_1_10' title="bbox 107 847 1108 924; baseline 0 -16"><span class='ocrx_word' id='word_1_59' title='bbox 107 847 162 909; x_wconf 91' lang='lat' dir='ltr'>Sic</span> <span class='ocrx_word' id='word_1_60' title='bbox 184 850 306 907; x_wconf 89' lang='lat' dir='ltr'>demum</span> <span class='ocrx_word' id='word_1_61' title='bbox 327 848 423 907; x_wconf 91' lang='lat' dir='ltr'>socios</span> <span class='ocrx_word' id='word_1_62' title='bbox 445 860 622 924; x_wconf 85' lang='lat' dir='ltr'>consumpta</span> <span class='ocrx_word' id='word_1_63' title='bbox 643 861 730 908; x_wconf 92' lang='lat' dir='ltr'>nocte</span> <span class='ocrx_word' id='word_1_64' title='bbox 751 847 854 908; x_wconf 91' lang='lat' dir='ltr'>reviso.</span> <span class='ocrx_word' id='word_1_65' title='bbox 1054 866 1108 924; x_wconf 80' lang='lat'>795</span> 
     </span>
     <span class='ocr_line' id='line_1_11' title="bbox 156 927 1017 1005; baseline 0 -19"><span class='ocrx_word' id='word_1_66' title='bbox 156 931 274 1005; x_wconf 83' lang='lat' dir='ltr'>‘Atque</span> <span class='ocrx_word' id='word_1_67' title='bbox 294 927 344 986; x_wconf 93' lang='lat' dir='ltr'>hic</span> <span class='ocrx_word' id='word_1_68' title='bbox 363 928 513 1004; x_wconf 88' lang='lat' dir='ltr'>ingentem</span> <span class='ocrx_word' id='word_1_69' title='bbox 535 928 677 988; x_wconf 89' lang='lat' dir='ltr'>comitum</span> <span class='ocrx_word' id='word_1_70' title='bbox 697 929 852 988; x_wconf 83' lang='lat' dir='ltr'>adfluxisse</span> <span class='ocrx_word' id='word_1_71' title='bbox 873 948 1017 987; x_wconf 89' lang='lat' dir='ltr'>novorum</span> 
     </span>
    </p>

    <p class='ocr_par' dir='ltr' id='par_1_11' title="bbox 108 1007 950 1085">
     <span class='ocr_line' id='line_1_12' title="bbox 108 1007 950 1085; baseline 0.001 -18"><span class='ocrx_word' id='word_1_72' title='bbox 108 1007 242 1068; x_wconf 88' lang='lat' dir='ltr'>Invenio</span> <span class='ocrx_word' id='word_1_73' title='bbox 262 1009 411 1067; x_wconf 88' lang='lat' dir='ltr'>admirans</span> <span class='ocrx_word' id='word_1_74' title='bbox 432 1027 596 1082; x_wconf 87' lang='lat' dir='ltr'>numerum,</span> <span class='ocrx_word' id='word_1_75' title='bbox 618 1019 784 1084; x_wconf 90' lang='lat' dir='ltr'>matresque</span> <span class='ocrx_word' id='word_1_76' title='bbox 804 1009 950 1085; x_wconf 86' lang='lat' dir='ltr'>virosque,</span> 
     </span>
    </p>

    <p class='ocr_par' dir='ltr' id='par_1_12' title="bbox 108 1089 860 1165">
     <span class='ocr_line' id='line_1_13' title="bbox 108 1089 860 1165; baseline -0.009 -14"><span class='ocrx_word' id='word_1_77' title='bbox 108 1090 281 1151; x_wconf 85' lang='lat' dir='ltr'>Colleetam</span> <span class='ocrx_word' id='word_1_78' title='bbox 303 1089 403 1148; x_wconf 86' lang='lat' dir='ltr'>exsilio</span> <span class='ocrx_word' id='word_1_79' title='bbox 424 1091 543 1165; x_wconf 88' lang='lat' dir='ltr'>pubem,</span> <span class='ocrx_word' id='word_1_80' title='bbox 565 1089 731 1148; x_wconf 85' lang='lat' dir='ltr'>miserabile</span> <span class='ocrx_word' id='word_1_81' title='bbox 751 1090 860 1165; x_wconf 82' lang='lat' dir='ltr'>volgus.</span> 
     </span>
    </p>

    <p class='ocr_par' dir='ltr' id='par_1_13' title="bbox 109 1167 887 1245">
     <span class='ocr_line' id='line_1_14' title="bbox 109 1167 887 1245; baseline -0.006 -15"><span class='ocrx_word' id='word_1_82' title='bbox 109 1169 259 1244; x_wconf 86' lang='lat' dir='ltr'>Undique</span> <span class='ocrx_word' id='word_1_83' title='bbox 278 1188 452 1239; x_wconf 85' lang='lat' dir='ltr'>convenere,</span> <span class='ocrx_word' id='word_1_84' title='bbox 474 1167 579 1228; x_wconf 92' lang='lat' dir='ltr'>animis</span> <span class='ocrx_word' id='word_1_85' title='bbox 600 1169 766 1245; x_wconf 90' lang='lat' dir='ltr'>opibusque</span> <span class='ocrx_word' id='word_1_86' title='bbox 786 1169 887 1245; x_wconf 87' lang='lat' dir='ltr'>parati,</span> 
     </span>
    </p>

    <p class='ocr_par' dir='ltr' id='par_1_14' title="bbox 111 1247 1110 1325">
     <span class='ocr_line' id='line_1_15' title="bbox 111 1247 1110 1325; baseline -0.002 -17"><span class='ocrx_word' id='word_1_87' title='bbox 111 1251 153 1308; x_wconf 93' lang='lat' dir='ltr'>In</span> <span class='ocrx_word' id='word_1_88' title='bbox 175 1268 379 1325; x_wconf 85' lang='lat' dir='ltr'>quascumque</span> <span class='ocrx_word' id='word_1_89' title='bbox 399 1247 488 1308; x_wconf 91' lang='lat' dir='ltr'>velim</span> <span class='ocrx_word' id='word_1_90' title='bbox 509 1250 614 1324; x_wconf 86' lang='lat' dir='ltr'>pelago</span> <span class='ocrx_word' id='word_1_91' title='bbox 636 1250 782 1308; x_wconf 87' lang='lat' dir='ltr'>deducere</span> <span class='ocrx_word' id='word_1_92' title='bbox 803 1260 900 1307; x_wconf 85' lang='lat' dir='ltr'>terras</span> <span class='ocrx_word' id='word_1_93' title='bbox 1051 1251 1110 1306; x_wconf 91' lang='lat'>800</span> 
     </span>
    </p>

    <p class='ocr_par' dir='ltr' id='par_1_15' title="bbox 112 1327 893 1405">
     <span class='ocr_line' id='line_1_16' title="bbox 112 1327 893 1405; baseline -0.001 -17"><span class='ocrx_word' id='word_1_94' title='bbox 112 1332 244 1405; x_wconf 87' lang='lat' dir='ltr'>Iamque</span> <span class='ocrx_word' id='word_1_95' title='bbox 264 1329 339 1405; x_wconf 86' lang='lat' dir='ltr'>iugis</span> <span class='ocrx_word' id='word_1_96' title='bbox 360 1347 493 1388; x_wconf 88' lang='lat' dir='ltr'>summae</span> <span class='ocrx_word' id='word_1_97' title='bbox 515 1330 651 1404; x_wconf 86' lang='lat' dir='ltr'>surgebat</span> <span class='ocrx_word' id='word_1_98' title='bbox 673 1327 790 1388; x_wconf 89' lang='lat' dir='ltr'>Lucifer</span> <span class='ocrx_word' id='word_1_99' title='bbox 811 1329 893 1400; x_wconf 85' lang='lat' dir='ltr'>Idae,</span> 
     </span>
    </p>

    <p class='ocr_par' dir='ltr' id='par_1_16' title="bbox 112 1408 911 1485">
     <span class='ocr_line' id='line_1_17' title="bbox 112 1408 911 1485; baseline -0.004 -17"><span class='ocrx_word' id='word_1_100' title='bbox 112 1409 314 1484; x_wconf 89' lang='lat' dir='ltr'>Ducebatque</span> <span class='ocrx_word' id='word_1_101' title='bbox 335 1409 413 1469; x_wconf 90' lang='lat' dir='ltr'>diem</span> <span class='ocrx_word' id='word_1_102' title='bbox 420 1431 429 1482; x_wconf 87' lang='lat'>;</span> <span class='ocrx_word' id='word_1_103' title='bbox 450 1408 607 1485; x_wconf 87' lang='lat' dir='ltr'>Danaique</span> <span class='ocrx_word' id='word_1_104' title='bbox 628 1411 750 1469; x_wconf 84' lang='lat' dir='ltr'>obsessa</span> <span class='ocrx_word' id='word_1_105' title='bbox 770 1410 911 1467; x_wconf 86' lang='lat' dir='ltr'>tenebant</span> 
     </span>
    </p>

    <p class='ocr_par' dir='ltr' id='par_1_17' title="bbox 113 1488 904 1566">
     <span class='ocr_line' id='line_1_18' title="bbox 113 1488 904 1566; baseline 0.003 -18"><span class='ocrx_word' id='word_1_106' title='bbox 113 1488 237 1548; x_wconf 88' lang='lat' dir='ltr'>Limina</span> <span class='ocrx_word' id='word_1_107' title='bbox 256 1500 413 1563; x_wconf 84' lang='lat' dir='ltr'>portarum,</span> <span class='ocrx_word' id='word_1_108' title='bbox 436 1509 491 1549; x_wconf 90' lang='lat' dir='ltr'>nec</span> <span class='ocrx_word' id='word_1_109' title='bbox 512 1508 579 1566; x_wconf 90' lang='lat' dir='ltr'>spes</span> <span class='ocrx_word' id='word_1_110' title='bbox 600 1490 666 1565; x_wconf 92' lang='lat' dir='ltr'>opis</span> <span class='ocrx_word' id='word_1_111' title='bbox 686 1491 745 1548; x_wconf 88' lang='lat' dir='ltr'>ulla</span> <span class='ocrx_word' id='word_1_112' title='bbox 766 1490 904 1550; x_wconf 84' lang='lat' dir='ltr'>dabatur:</span> 
     </span>
    </p>

    <p class='ocr_par' dir='ltr' id='par_1_18' title="bbox 114 1569 820 1648">
     <span class='ocr_line' id='line_1_19' title="bbox 114 1569 820 1648; baseline -0.001 -17"><span class='ocrx_word' id='word_1_113' title='bbox 114 1569 211 1644; x_wconf 87' lang='lat' dir='ltr'>Cessi,</span> <span class='ocrx_word' id='word_1_114' title='bbox 232 1580 263 1629; x_wconf 89' lang='lat' dir='ltr'>et</span> <span class='ocrx_word' id='word_1_115' title='bbox 283 1571 399 1630; x_wconf 87' lang='lat' dir='ltr'>sublato</span> <span class='ocrx_word' id='word_1_116' title='bbox 419 1581 537 1630; x_wconf 88' lang='lat' dir='ltr'>montes</span> <span class='ocrx_word' id='word_1_117' title='bbox 556 1569 690 1648; x_wconf 85' lang='lat' dir='ltr'>genitore</span> <span class='ocrx_word' id='word_1_118' title='bbox 710 1569 820 1647; x_wconf 64' lang='lat' dir='ltr'>petivi)</span> 
     </span>
    </p>
   </div>
   <div class='ocr_carea' id='block_1_3' title="bbox 0 0 1261 3686">
    <p class='ocr_par' dir='ltr' id='par_1_19' title="bbox 0 0 1261 3686">
     <span class='ocr_line' id='line_1_20' title="bbox 0 0 1261 3686; baseline 0 0"><span class='ocrx_word' id='word_1_119' title='bbox 0 0 1261 3686; x_wconf 95' lang='lat' dir='ltr'> </span> 
     </span>
    </p>
   </div>
  </div>
 </body>
</html>
