2462 3678
366 89 604 150 AENEIDOS
620 91 704 148 LIB.
727 92 784 148 IX.

10 213 147 287 Qua
172 226 268 275 tentet
287 215 401 278 ratione
421 216 518 277 aditus
538 229 569 280 et
589 238 666 295 quae
686 218 733 279 via
753 220 869 278 clausos

10 295 225 355 Excutiat
244 298 375 356 Teucros
395 298 473 358 vallo
493 309 582 374 atque
603 300 735 358 effundat
754 297 785 358 in
805 299 957 374 aequum?

9 375 229 450 Elassem
251 395 327 453 quae
346 377 429 437 lateri
449 389 611 438 castrorum
632 379 771 440 adiuncta
791 379 910 451 latebat,

9 455 249 532 &ggeribus
269 468 401 533 saeptam
422 457 532 518 circum
553 469 583 518 et
603 459 769 519 fluvialibus
788 459 885 533 undis,

9 535 212 608 [nvadit
233 535 388 613 sociosque
409 537 547 597 incendia
566 540 663 614 poscit
683 549 814 611 ovantes,

8 617 184 691 Atque
205 635 325 676 manum
345 617 417 694 pinu
438 619 571 694 flagranti
590 618 719 679 fervidus
739 617 851 694 implet.

8 697 163 754 Pum
185 715 254 755 vero
273 694 448 756 incumbunt
470 699 585 774 (urguet
604 697 770 774 praesentia
789 697 904 772 Turni),

14 778 184 850 Atque
205 776 300 835 omnis
321 777 433 836 facibus
453 779 548 853 pubes
569 777 729 854 accingitur
748 777 824 838 atris

17 853 240 930 Diripuere
259 858 361 916 focos·
352 901 366 948 ,ι
389 857 506 933 piceum
525 859 581 918 fert
601 858 714 918 fumida
733 859 834 916 lumen
1036 873 1072 933 75

22 935 189 993 Taeda
208 946 238 996 et
258 937 449 996 commixtam
470 939 621 997 Volcanus
641 938 679 998 ad
701 949 777 998 astra
796 937 931 997 favillam.
980 987 982 994 ,

122 1014 201 1090 Quis
220 1015 302 1090 dene,
327 1019 482 1088 oMusae‚
504 1028 565 1076 tam
586 1037 674 1078 saeva
692 1016 831 1077 incendia
850 1017 973 1077 Teucris

35 1093 219 1153 Avertit?
244 1106 343 1155 tantos
364 1097 474 1158 ratibus
494 1097 559 1174 quis
580 1092 692 1174 depulit
713 1097 817 1173 ignes?
913 1170 915 1176 Α

41 1172 191 1234 Dicite
234 1175 332 1235 Prisca
352 1177 426 1236 fides
446 1179 533 1248 fact0‚
555 1178 608 1237 sed
628 1179 706 1236 fama
726 1177 870 1252 perennis.

44 1256 233 1330 Tempore
253 1274 316 1332 quo
334 1257 461 1332 primum
482 1257 606 1334 Phrygia
625 1255 798 1316 formabat
790 1276 822 1314 m
844 1257 899 1314 Ida
1033 1258 1072 1313 80

52 1337 201 1393 Aeneas
221 1336 344 1395 classem
365 1346 408 1396 et
414 1337 510 1412 pelagi
531 1348 631 1412 petere
652 1325 711 1395 alta
730 1339 861 1413 parabat,

59 1417 155 1489 Ipsa
174 1415 263 1475 deum
283 1418 373 1476 fertur
393 1417 532 1476 Genetrix
553 1417 724 1493 Berecyntia
744 1435 884 1492 magnum

59 1493 216 1553 Vocibus
236 1494 282 1554 his
302 1496 399 1555 adfata
420 1498 539 1558 lovem:
571 1499 646 1570 ‘Da,
667 1507 745 1568 nate,
765 1495 886 1572 petenti,

71 1574 194 1647 ‘Quod
214 1585 265 1634 tua
285 1595 352 1634 cara
371 1596 478 1652 parens
498 1576 613 1636 domito
634 1587 664 1638 te
684 1575 780 1652 poscit
802 1577 841 1636 Ol
860 1595 938 1652 mpo

72 1651 190 1732 [Pinea
209 1653 281 1714 silva
298 1655 380 1738 mihi,
404 1658 512 1738 multos
533 1655 642 1716 dilecta
661 1676 714 1737 per
733 1597 859 1735 annosi

79 1733 229 1794 ‘Lucus
220 1755 251 1803 m
271 1754 339 1796 arce
358 1735 413 1795 fuit
433 1743 557 1814 sumina,
580 1743 640 1812 quo
661 1756 742 1796 sacra
761 1738 901 1808 ferebant,

81 1813 236 1890 ‘Nigranti
254 1814 348 1891 p'ice'a
355 1806 551 1907 trabibusque
567 1819 713 1876 obs'cunls
733 1816 863 1876 acernis.

80 1896 168 1953 ‘Has
188 1913 243 1972 ego
265 1895 446 1956 Dardanio
437 1895 543 1969 iuveni,
567 1916 634 1955 cum
655 1895 755 1954 classis
776 1905 882 1971 egeret,

80 1975 193 2033 ‘Laeta
213 1974 300 2050 dedi;
328 1995 408 2034 nunc
428 1975 583 2036 sollicitam
603 1976 692 2036 timor
710 1975 813 2033 anxius
834 1973 922 2050 angit.

82 2055 186 2114 ‘Solve
206 2056 407 2132 metus'atque
426 2057 485 2116 hoc
502 2056 638 2132 precibus
656 2054 720 2114 sine
737 2073 825 2130 posse
840 2063 1004 2143 parentem,
1032 2075 1069 2130 90

81 2135 168 2194 ‘Neu
188 2154 275 2194 cursu
296 2146 451 2212 quassatae
471 2138 533 2196 ullo
552 2155 611 2196 neu
632 2132 747 2196 turbine
767 2133 848 2196 venti

83 2213 298 2290 ‘Vincantum
306 2215 398 2292 prosit
419 2215 525 2274 nostris
544 2215 579 2274 in
597 2214 748 2275 montibus
768 2215 863 2273 ortas’

81 2293 173 2352 Filius
193 2293 262 2353 huic
281 2306 391 2367 contra,
413 2307 529 2369 torquet
550 2296 601 2371 qui
621 2294 718 2354 sidera
738 2260 896 2354 munuli*

83 2375 127 2434 ‘O
147 2373 287 2449 genetrix,
308 2394 368 2450 quo
388 2376 447 2434 fata
466 2378 576 2435 vocas?
609 2385 660 2434 aut
679 2375 752 2466 quid
771 2374 848 2451 petis
867 2371 951 2433 istis?

83 2453 260 2514 ‘Mortaline
280 2456 486 2514 manufactae
506 2454 662 2514 inmortale
682 2455 799 2514 carinae
1031 2472 1066 2530 95

83 2537 158 2592 ‘Fas
178 2534 328 2595 habeant?
354 2546 509 2610 certusque
529 2534 640 2594 incerta
659 2535 789 2611 pericula
809 2537 909 2595 lustret

83 2617 238 2674 ‘Aeneasl
265 2614 313 2673 cui
332 2625 415 2674 tanta
436 2615 493 2675 deo
513 2613 656 2690 permissa
675 2618 827 2690 potestas?

83 2696 199 2753 ‘Immo
220 2693 272 2754 ubi
292 2695 449 2754 defunctae
469 2696 557 2753 finem
578 2705 738 2770 portusque
758 2696 900 2754 tenebunt

85 2772 249 2833 ‘Ausonios
270 2774 350 2845 olim,
372 2792 576 2851 quaecumque
597 2774 721 2833 evaserit
741 2772 829 2832 undis

85 2853 343 2930 ‘Dardaniumque
363 2855 470 2913 ducem
491 2852 649 2913 Laurentia
668 2851 778 2911 vexerit
798 2871 874 2923 arva,
1013 2872 1069 2910 100

85 2934 257 2993 ‘Mortalem
278 2931 399 3010 eripiam
420 2935 553 3006 formam,
574 2931 732 3008 magnique
752 2931 862 2991 iubebo

85 3011 245 3088 ‘Aequoris
266 3032 330 3072 esse
351 3013 430 3084 deas,
452 3013 546 3088 qualis
567 3011 675 3072 Nereia
696 3014 778 3070 Doto

85 3094 139 3152 ‘Et
159 3093 284 3152 Galatea
304 3103 405 3152 secant
426 3104 612 3168 spumantem
632 3101 752 3168 pectore
773 3090 916 3166 pontum!

80 3171 212 3244 Dixerat,
235 3171 326 3248 idque
346 3182 440 3232 ratum
462 3172 552 3248 Stygii
572 3191 625 3248 per
645 3170 766 3229 flumina
787 3170 889 3244 fratris,

85 3256 138 3312 Per
157 3250 223 3327 pice
245 3262 387 3312 torrentes
407 3263 528 3328 atraque
549 3250 687 3327 voragine
708 3251 783 3327 ripas
1013 3271 1066 3329 105

86 3331 194 3393 Annuit
215 3342 245 3393 et
265 3344 361 3392 totum
382 3342 455 3392 nutu
475 3332 637 3392 tremefecit
659 3333 827 3408 Olympum.

1031 1658 1069 1730 85
