2462 3678
154 37 212 114 ³³8
405 33 442 92 P.
472 33 664 91 Vanam
677 33 888 92 MARONJS

153 167 224 241 lpse
244 173 288 224 ter
308 163 438 223 adducta
459 161 568 220 circum
589 173 678 239 caput
698 163 757 238 egit
777 165 906 236 habena,

153 247 193 304 Et
213 244 312 304 media
331 241 445 302 adversi
465 242 625 318 liquefacto
645 255 780 317 tempora
799 245 928 319 plumbo

154 323 278 394 Diffidit,
301 341 337 382 ac
357 324 450 381 multa
470 333 638 398 porrectum
659 322 792 382 extendit
812 325 931 382 harena.

191 406 270 462 Tum
292 401 418 479 primum
439 403 519 460 bello
539 403 665 461 celerem
686 402 849 462 intendisse
869 403 1011 480 sagittam

154 483 272 543 Dicitur
290 493 360 542 ante
380 483 454 541 seras
475 481 577 540 solitus
598 493 704 540 terrere
725 485 843 558 fugaces

154 563 307 634 Ascanius,
329 564 495 638 fortemque
516 581 607 620 manu
627 563 739 621 fudisse
760 565 947 633 Numanum,

156 643 212 704 Cui
233 643 361 702 Remulo
382 660 548 718 cognomen
570 651 639 714 erat,
661 641 812 717 Turnique
833 642 983 700 minorem

155 725 334 784 Germanam
355 741 449 796 nuper
467 722 599 781 thalamo
620 722 748 780 sociatus
768 722 906 781 habebat

156 805 188 863 Is
208 802 332 880 primam
352 813 421 860 ante
442 800 537 860 aciem
558 800 647 877 digna
667 813 756 877 atque
777 801 899 877 indigna
920 803 1020 861 relatu

156 883 327 943 vociferans
348 880 539 956 tumidusque
559 900 638 939 novo
659 881 832 956 praecordia
851 901 945 958 regno

157 965 225 1022 Ibat
246 973 276 1022 et
295 962 446 1038 ingentem
467 980 532 1020 sese
552 962 681 1020 clamore
700 963 829 1020 ferebat:

159 1045 246 1103 ‘Non
267 1042 361 1118 pudet
382 1039 538 1100 obsidione
559 1040 663 1100 iterum
684 1043 822 1116 valloque
843 1041 948 1114 teneri,

160 1122 224 1181 ‘Bis
243 1121 323 1198 capti
345 1122 480 1196 Phryges,
502 1131 533 1179 et
553 1119 640 1178 morti
660 1122 852 1196 praetendere
873 1122 1000 1180 muros?

160 1205 224 1261 ‘En
244 1201 296 1278 qui
316 1211 416 1260 nostra
436 1198 491 1260 sibi
510 1200 589 1258 bello
610 1199 738 1258 conubia
758 1209 899 1276 poscunt!

161 1281 251 1357 ‘Quis
272 1283 345 1341 deus
367 1278 491 1350 Italiam,
514 1299 590 1356 quae
611 1299 664 1338 vos
685 1281 835 1339 dementia
855 1279 981 1356 adegit?

161 1365 249 1420 ‘Non
269 1361 317 1419 hic
337 1359 458 1418 Atridae
479 1377 536 1418 nec
556 1359 637 1418 sandi
658 1361 742 1418 fictor
763 1362 882 1420 Ulixes:

161 1444 293 1501 ‘Durum
306 1459 325 1498 a
345 1439 433 1515 stirpe
453 1458 546 1514 genus
567 1450 653 1499 natos
673 1440 712 1497 ad
733 1441 854 1498 flumina
874 1439 1007 1516 primum

161 1519 348 1580 ‘Delerimus
368 1537 515 1595 saevoque
535 1521 602 1594 gelu
624 1520 763 1578 duramus
783 1532 813 1579 et
834 1519 929 1579 undis

162 1603 295 1660 ‘Venatu
315 1599 467 1674 invigilant
486 1599 569 1674 pueri
590 1599 736 1674 silvasque
756 1599 877 1675 fatigant
882 1622 891 1674 ;

162 1683 310 1740 ‘Flectare
330 1681 417 1739 ludus
439 1696 531 1754 equos
552 1689 582 1738 et
602 1678 715 1755 spicula
736 1682 857 1739 tendere
877 1699 982 1739 comu.

162 1764 218 1820 ‘At
238 1759 354 1836 patiens
375 1777 498 1835 operum
518 1777 668 1834 parvoque
689 1760 812 1819 adsueta
832 1761 970 1819 iuventus

163 1844 239 1899 ‘Aut
258 1839 355 1899 rastris
375 1850 480 1915 terram
501 1841 604 1898 domat
624 1849 676 1897 aut
696 1839 790 1915 quatit
811 1839 922 1916 oppida
941 1842 1036 1900 bello.

164 1923 277 1981 ‘Omne
297 1939 402 1978 aevom
421 1920 497 1978 ferro
519 1919 625 1992 teritur,
647 1938 789 1995 versaque
809 1919 966 1979 iuvencum

164 2002 275 2075 ‘Terga
295 1999 449 2075 fatigamus
471 1999 568 2072 hasta;
596 2017 652 2058 nec
671 2000 755 2058 tarda
776 2011 912 2059 senectus
1103 2001 1157 2057 610

164 2079 321 2139 ‘Debilitat
341 2079 417 2137 vires
437 2077 527 2136 animi
549 2090 702 2154 mutatque
722 2078 866 2155 vigorem:

165 2159 329 2219 ‘Canitiem
348 2160 431 2234 galea
451 2157 618 2233 premimus,
640 2177 815 2234 semperque
836 2170 970 2220 recentes

165 2240 375 2314 ‘Comportare
394 2239 475 2296 iuvat
495 2240 619 2314 praedas
639 2249 670 2297 et
689 2237 785 2298 vivere
805 2251 897 2315 rapto.
994 2247 996 2250 ’

166 2318 275 2377 ‘Vobis
295 2317 374 2394 picta
394 2336 482 2377 croco
503 2329 533 2377 et
552 2316 674 2394 fulgenti
694 2319 806 2378 murice
827 2318 925 2390 vestis,

166 2397 322 2457 ‘Desidiae
343 2397 424 2456 cordi
429 2421 437 2471 3
465 2396 544 2456 iuvat
564 2397 715 2474 indulgere
736 2398 858 2471 choreis
1106 2404 1155 2472 615

166 2480 221 2537 ‘Et
240 2477 358 2536 tunicae
379 2476 508 2536 manicas
530 2488 560 2538 et
580 2478 691 2537 habent
710 2478 882 2537 redimicula
902 2478 1013 2538 mitrae

167 2559 210 2620 ‘O
231 2577 297 2616 vere
320 2556 460 2633 Phrygiae
481 2563 591 2634 (neque
612 2557 690 2616 enim
712 2559 861 2635 Phryges),
883 2558 923 2618 ite
944 2561 1084 2635 peralta

167 2637 341 2715 ‘Dindyma
363 2637 414 2696 ubi
434 2637 562 2696 adsuetis
584 2635 707 2698 biforem
728 2639 779 2697 dat
800 2637 873 2698 tibia
893 2649 1015 2696 cantum
1021 2661 1029 2711 ;

167 2722 339 2795 ‘Tympana
359 2736 412 2777 vos
432 2719 587 2793 buxusque
608 2728 694 2776 vocat
716 2717 889 2792 Berecyntia
910 2718 1016 2777 Matris

167 2800 306 2858 ‘Idaeaez
334 2795 420 2857 sinite
440 2816 520 2855 arma
541 2795 607 2854 viris
630 2808 659 2856 et
679 2797 775 2856 cedite
796 2798 890 2858 serro'
1105 2803 1157 2858 620

205 2878 290 2937 Talia
310 2877 467 2937 iactantem
489 2875 576 2936 dictis
596 2896 632 2934 ac
653 2877 716 2936 dira
736 2888 892 2937 canentem

166 2959 237 3017 Non
258 2957 325 3017 tulit
349 2955 502 3029 Ascanius
524 2975 673 3032 nervoque
697 2958 837 3016 obversus
862 2957 973 3034 equino

167 3036 299 3095 Intendit
319 3038 410 3096 telum
431 3036 605 3112 diversaque
625 3035 761 3095 bracchia
781 3038 893 3096 ducens

167 3115 316 3187 Constitit,
332 3126 402 3174 ante
425 3119 529 3174 Iovem
554 3117 679 3191 supplex
702 3136 756 3192 per
776 3127 846 3175 vota
869 3127 1026 3192 precatus:
1214 3165 1215 3172 ,

170 3194 318 3270 ‘Iuppiter
339 3194 537 3267 omnipotens,
560 3195 720 3253 audacibus
743 3196 840 3254 adnue
863 3197 985 3272 coeptis.
1103 3203 1152 3272 625
1214 3221 1215 3294 y

170 3278 255 3348 ‘Ipse
276 3269 329 3326 tibi
353 3271 392 3326 ad
414 3280 464 3326 tua
485 3273 596 3343 templa
617 3274 709 3330 feram
733 3275 887 3332 sollemnia
910 3278 991 3334 dona
