2460 3686
149 77 206 136 250
398 55 435 114 P.
474 53 666 113 VERGILI
687 54 902 114 MARONIS

146 184 226 257 Ales,
249 193 279 244 et
298 181 411 260 ingenti
431 193 593 242 sonuerunt
615 182 715 243 omnia
735 186 848 261 plausu.

148 265 219 324 Post
239 282 307 324 acer
327 264 502 324 Mnestheus
522 264 651 323 adducto
673 264 804 324 constitit
823 285 901 339 arcu,

146 345 218 405 Alta
237 354 352 421 petens,
373 343 541 420 pariterque
561 346 665 404 oculos
685 346 837 422 telumque
857 345 1007 406 tetendit:

147 427 203 484 Ast
222 422 317 501 ipsam
338 423 523 484 miserandus
543 443 629 484 avem
650 425 820 502 contingere
840 428 915 486 ferro

148 507 220 565 Nou
240 505 350 579 valuit;
375 505 472 564 nodos
492 514 522 564 et
542 504 658 564 vincula
678 505 757 564 linea
776 505 861 582 rupit,

149 585 223 662 Quis
243 583 350 646 innexa
370 586 480 662 pedem
501 585 580 645 malo
601 587 752 663 pendebat
772 587 810 646 ab
830 589 909 648 alto:

149 668 206 725 Illa
225 677 313 726 notos
333 675 422 742 atque
443 675 504 724 atra
524 667 627 724 volans
647 665 678 724 in
699 665 799 725 nubila
819 667 899 743 fugit.

148 749 227 805 Tum
247 746 375 822 rapidus,
397 744 572 804 iamdudum
593 765 662 804 arcu
682 756 823 806 contenta
842 759 945 824 parato

149 827 223 886 Tela
243 837 356 900 tenens,
379 827 496 885 fratrem
517 825 662 902 Eurytion
682 825 714 884 in
735 837 804 886 vota
824 827 948 901 vocavit,

151 909 215 966 Iam
236 926 331 966 vacuo
351 908 458 966 laetam
479 907 562 966 caelo
584 907 759 983 speculatus,
782 917 811 967 et
831 908 883 967 alis

151 988 345 1046 Plaudentem
365 986 446 1063 nigra
467 987 529 1062 figit
548 987 604 1047 sub
624 989 706 1046 nube
726 988 902 1047 columbam.

150 1067 271 1127 Decidit
291 1066 441 1140 exanimis,
462 1067 613 1144 vitamque
632 1066 749 1144 reliquit
769 1067 799 1126 in
821 1068 903 1128 astris

149 1147 304 1220 Aetheriis,
326 1149 473 1224 fixamque
492 1150 579 1208 refert
600 1148 722 1225 delapsa
742 1147 886 1224 sagittam.

150 1227 268 1288 Amissa
288 1229 367 1287 solus
388 1230 487 1304 palma
507 1230 664 1304 superabat
683 1231 824 1288 Acestes:

151 1308 211 1384 Qui
232 1319 333 1368 tamen
353 1309 445 1368 aerias
466 1308 558 1368 telum
579 1308 732 1369 contendit
752 1308 784 1367 in
803 1329 897 1381 auras,
1095 1328 1148 1387 5²0

151 1391 312 1450 Ostentans
332 1399 485 1465 artemque
505 1400 590 1466 pater
609 1408 768 1466 arcumque
789 1401 952 1450 sonantem.

152 1469 214 1529 Hic
235 1469 328 1529 oculis
349 1469 479 1530 subitum
500 1469 626 1530 obicitur
645 1489 812 1546 magnoque
832 1472 964 1530 futurum

149 1550 283 1627 Augurio
304 1561 486 1610 monstrum:
515 1550 617 1610 docuit
637 1561 705 1626 post
726 1551 822 1610 exitus
842 1550 954 1628 ingens,

151 1632 279 1707 Seraque
299 1629 415 1690 terrifici
435 1629 604 1690 cecinerunt
624 1629 725 1690 omina
745 1641 834 1691 vates.

151 1712 290 1787 Namque
310 1713 413 1771 volans
433 1709 551 1786 liquidis
571 1711 603 1770 in
623 1710 751 1771 nubibus
771 1711 840 1771 arsit
860 1713 984 1784 arundo,
1092 1731 1144 1790 525

152 1791 340 1868 Signavitque
361 1791 439 1851 viam
460 1791 594 1864 flammis,
616 1802 779 1868 tenuesque
799 1791 918 1852 recessit

152 1873 340 1949 Consumpta
360 1872 390 1930 in
411 1882 533 1933 ventos:
562 1873 646 1931 caelo
666 1891 720 1931 ceu
741 1891 831 1949 saepe
850 1875 939 1932 refixa

150 1955 365 2012 Transcurrunt
387 1951 558 2028 crinemque
577 1951 707 2013 volantia
728 1953 822 2012 sidera
846 1953 966 2012 ducunt.

151 2033 294 2093 Attonitis
314 2034 434 2092 haesere
454 2032 560 2092 animis
581 2051 763 2110 superosque
782 2033 893 2110 precati

150 2113 294 2174 Trinacrii
313 2112 481 2190 Teucrique
500 2112 573 2173 viri.
600 2133 656 2173 nec
676 2112 821 2173 maximus
841 2133 929 2172 omen
1091 2134 1145 2193 530

149 2194 265 2255 Abnuit
285 2198 422 2266 Aeneas;
449 2194 502 2253 sed
522 2195 632 2253 laetum
654 2195 806 2271 amplexus
826 2195 917 2254 Acest
905 2205 955 2254 ten

151 2275 326 2334 Muneribus
347 2276 477 2333 cumulat
498 2273 620 2351 magnis,
643 2293 678 2333 ac
699 2273 770 2333 talia
788 2276 883 2334 fatur:

152 2357 267 2427 ‘Sume
289 2364 373 2431 pater
383 2375 393 2428 3
420 2373 490 2413 nam
511 2365 541 2414 te
560 2353 654 2414 voluit
674 2374 725 2414 rex
744 2374 869 2431 magnus
891 2355 1013 2432 Olympi

152 2435 291 2495 ‘Talibus
311 2433 450 2511 auspiciis
472 2445 617 2495 exsortem
638 2436 745 2495 ducere
766 2436 919 2494 honorem.

151 2515 266 2593 ‘Ipsius
287 2515 436 2575 Anchisae
456 2515 592 2591 longaevi
612 2516 670 2574 hoc
690 2535 797 2574 munus
818 2514 949 2588 habebis,
1090 2536 1125 2595 53
1130 2536 1143 2595 5

152 2598 288 2659 ‘Cratera
309 2595 474 2672 inpressum
496 2595 593 2672 signis,
615 2613 705 2670 quem
726 2595 870 2654 Thracius
891 2595 963 2655 olim

151 2677 316 2738 ‘Anchisae
336 2675 461 2754 genitori
481 2675 512 2734 in
533 2695 642 2752 magno
661 2695 783 2736 munere
805 2675 923 2736 Cisseus

152 2761 255 2818 ‘Ferre
278 2757 323 2818 sui
348 2758 470 2817 dederat
494 2768 721 2816 monumentum
746 2767 776 2815 et
800 2755 905 2834 pignus
929 2756 1062 2816 amoris’

150 2838 198 2899 Sic
218 2840 295 2898 fatus
317 2836 408 2914 cingit
428 2835 564 2896 viridanti
588 2846 722 2912 tempora
745 2837 837 2908 lauro,

151 2921 189 2977 Et
211 2918 338 2995 primum
363 2929 432 2977 ante
456 2936 560 2976 omnes
584 2916 726 2976 victorem
749 2917 878 2993 appellat
900 2918 1040 2976 Acesten.
1088 2938 1143 2997 540

150 3001 217 3058 Nec
240 3000 336 3059 bonus
361 2997 504 3074 Eurytion
527 2998 659 3074 praelato
682 2995 787 3056 invidit
811 2997 925 3070 honori,

150 3079 292 3155 Quamvis
314 3079 393 3137 solus
417 3097 503 3136 avem
527 3078 610 3136 caelo
633 3076 740 3137 deiecit
765 3079 803 3136 ab
828 3079 896 3136 alto.

150 3159 304 3219 Proximus
325 3155 486 3232 ingreditur
510 3157 597 3216 donis
622 3156 672 3232 qui
696 3157 813 3216 vincula
834 3157 932 3234 rupit3

149 3241 314 3306 Extremus
337 3235 450 3293 volucri
472 3235 522 3309 qui
546 3235 609 3292 fixit
633 3237 777 3296 arundine
800 3239 919 3294 malum.

189 3317 230 3373 At
253 3324 338 3388 pater
361 3317 486 3384 Aeneas,
512 3314 646 3370 nondum
670 3315 830 3374 certamine
854 3316 954 3387 misso,
1088 3339 1140 3400 545
