2468 3692
148 95 208 154 374
399 78 435 136 P.
470 74 661 134 VERGILI
681 74 894 134 MARONIS

151 207 236 276 Ecce,
258 224 344 280 super
363 206 463 264 maesti
484 225 589 280 magna
610 204 761 263 Diomedis
780 206 818 262 ab
837 205 909 262 urbe

151 283 252 360 Legati
272 301 410 358 responsa
429 285 540 342 lerunt:
560 282 631 340 nihil
652 283 787 340 omnibus
806 293 905 340 actum

149 363 310 420 Tantomm
331 360 458 436 inpensis
478 379 597 436 operum
606 380 615 432 ;
634 360 675 418 nil
696 362 783 431 dona,
803 379 899 434 neque
919 379 1031 433 aurum,

150 442 214 499 Nec
234 457 354 514 magnas
374 439 496 496 valuisse
515 457 633 513 preces3
654 437 710 495 alia
729 457 809 495 arma
829 436 940 496 Latinis

149 519 331 592 Quaerenda,
352 527 402 574 aut
421 535 523 591 pacem
542 516 669 575 Troiano
689 519 727 575 ab
747 535 815 590 rege
833 517 1003 590 petendum.
1063 535 1118 592 ²30

150 595 258 654 Deficit
277 594 387 669 ingenti
407 597 485 653 luctu
504 613 553 652 rex
573 593 635 668 ipse
658 593 786 651 Latinus.

151 675 281 732 Fatalem
302 676 422 730 Aenean
442 672 594 730 manifesto
615 672 732 729 numine
752 670 818 729 ferri

150 752 299 811 Admonet
319 751 360 807 ira
379 751 474 820 deum,
496 750 655 824 tumulique
675 760 742 807 ante
763 768 813 810 ora
832 760 972 808 recentes.

151 832 228 904 Ergo
249 828 404 886 concilium
424 845 571 901 magnum,
592 827 758 902 primosque
778 846 896 886 suorum

150 906 269 982 Inperio
288 904 404 976 accitos,
424 907 484 962 alta
503 905 577 962 intra
596 904 696 962 limina
715 904 799 979 cogit
1065 928 1080 965 2
1084 925 1121 984 55

151 986 210 1046 Olli
230 1001 400 1053 convenere,
422 983 571 1058 fluuntque
590 983 629 1040 ad
648 981 726 1057 regia
745 983 838 1057 plenis

149 1066 242 1122 Tecta
261 1061 321 1120 viis.
363 1063 451 1119 Sedet
469 1060 499 1118 in
520 1059 623 1119 mediis
643 1070 673 1119 et
692 1061 835 1120 maximus
855 1081 928 1120 aevo

152 1144 190 1200 Et
209 1140 318 1216 primus
338 1138 456 1214 sceptris
478 1139 557 1197 haud
578 1140 655 1196 laeta
674 1139 767 1196 lronte
789 1139 917 1199 Latinus.

149 1222 246 1294 Atque
266 1217 313 1274 hic
333 1219 443 1292 legatos
462 1217 568 1275 Aetola
587 1236 623 1275 ex
643 1218 713 1274 urbe
732 1216 877 1289 remissos,

150 1298 234 1371 Quae
254 1296 386 1366 reserant,
406 1294 458 1352 fari
477 1295 567 1366 iubet,
588 1304 618 1352 et
637 1313 776 1369 responsa
794 1295 920 1371 reposcit
1066 1319 1123 1370 ²40

151 1373 261 1434 Ordine
282 1384 386 1430 cuneta
406 1391 467 1431 suo.
507 1374 585 1431 Tum
605 1375 681 1430 laeta
701 1373 816 1431 silentia
835 1372 947 1449 linguis,

152 1454 189 1510 Et
208 1453 339 1509 Venulus
360 1451 439 1508 dicto
459 1469 562 1525 parens
581 1451 622 1512 ita
641 1450 725 1508 farier
744 1451 826 1509 infit:

192 1528 348 1599 ‘Vidimus
370 1547 388 1586 o
409 1529 494 1600 cives,
517 1529 691 1588 Diomedem
711 1530 874 1604 Argivaque
895 1543 997 1604 castra,

153 1611 267 1681 ‘Atque
287 1606 341 1665 iter
361 1605 469 1665 emensi
489 1626 572 1664 casus
592 1606 787 1682 superavimus
807 1627 909 1668 omnes
918 1630 927 1682 ;

152 1684 409 1759 ‘Contigimusque
429 1703 555 1757 manum,
577 1704 636 1760 qua
655 1685 784 1746 concidit
804 1686 858 1744 Ilia
878 1689 971 1745 tellus.
1066 1709 1121 1767 ²45

151 1765 224 1821 ‘Ille
245 1764 345 1821 urbem
365 1763 542 1838 Argyripam,
564 1763 673 1838 patriae
692 1765 866 1839 cognomine
885 1766 988 1841 gentis,

152 1841 271 1898 ‘Victor
291 1840 416 1915 Gargani
436 1843 582 1899 condebat
604 1841 719 1916 Iapygis
739 1843 820 1901 arvis.

152 1921 328 1993 ‘Postquam
348 1918 519 1992 introgressi,
541 1929 571 1977 et
590 1938 687 1977 coram
708 1921 776 1978 data
795 1920 881 1995 copia
900 1922 989 1994 sandi,

153 1998 295 2054 ‘Munera
314 1996 508 2071 praeferimus,
530 2015 638 2054 nomen
657 1999 836 2074 patriamque
857 1999 998 2060 docemus
1008 2023 1017 2073 ;

152 2073 230 2146 ‘Qui
250 2076 358 2133 bellum
378 2073 534 2144 intulerint,
556 2094 630 2149 quae
650 2094 737 2133 causa
756 2078 902 2137 attraxerit
920 2083 1027 2156 Arpos.
1068 2100 1125 2157 250
1217 2049 1218 2085 i

152 2151 285 2210 ‘Auditis
304 2151 353 2210 ille
372 2154 444 2210 haec
465 2154 581 2229 placido
601 2154 643 2211 sic
662 2155 789 2214 reddidit
808 2175 875 2215 ore:

192 2231 265 2288 “‘O
286 2232 446 2288 fortunatae
466 2242 575 2306 gentes,
597 2232 729 2290 Saturnia
747 2253 844 2309 regna,

152 2307 292 2381 ‘Antiqui
312 2308 442 2378 Ausonii,
464 2328 539 2384 quae
559 2328 610 2368 vos
631 2311 746 2368 fortuna
766 2313 880 2387 quietos

153 2384 318 2456 ‘Sollicitat‚
340 2387 501 2461 suadetque
521 2387 621 2461 ignota
640 2390 781 2448 lacessere
800 2391 899 2450 bella?

153 2462 357 2538 ‘Quicumque
378 2464 483 2522 Iliacos
503 2467 577 2523 ferro
596 2465 767 2527 violavimus
786 2487 919 2543 agros,—
1069 2489 1125 2550 255

153 2539 260 2598 ‘Mitto
280 2560 322 2610 ea,
344 2560 418 2615 quae
438 2543 526 2601 muris
545 2545 684 2603 bellando
704 2548 844 2605 exhausta
863 2548 917 2606 sub
936 2548 1012 2617 altis,

153 2618 255 2689 ‘Quos
275 2619 379 2677 Simois
399 2632 510 2694 premat
530 2621 578 2678 ille
597 2621 843 2693 viros-infanda
862 2643 913 2700 per
932 2629 1037 2685 orbem

154 2695 317 2770 ‘Supplicia
337 2707 366 2754 et
386 2700 526 2757 scelerum
546 2717 656 2773 poenas
676 2703 867 2776 expendimus
887 2722 998 2774 omnes,

153 2774 227 2831 ‘Vel
248 2774 362 2833 Priamo
382 2775 545 2834 miseranda
564 2795 685 2850 manus;
705 2779 760 2837 scit
779 2781 859 2839 triste
880 2781 1034 2841 Minervae

154 2849 265 2920 ‘Sidus
287 2862 315 2909 et
337 2854 483 2910 Euboicae
503 2864 610 2924 cautes,
633 2857 766 2930 ultorque
787 2859 961 2934 Caphereus.

154 2926 278 2986 ‘Militia
298 2947 334 2987 ex
352 2929 401 2986 illa
421 2929 564 2989 diversum
584 2933 622 2990 ad
642 2932 709 2992 litus
729 2936 833 3006 adacti,

154 3003 286 3060 ‘Atrides
307 3006 402 3063 Protei
424 3008 577 3066 Menelaus
597 3011 729 3086 adusque
750 3015 899 3072 columnas

154 3079 308 3148 ‘Exsulat3
327 3082 474 3140 Aetnaeos
494 3083 565 3142 vidit
586 3088 729 3162 Cyclopas
751 3091 860 3151 Ulixes.

154 3152 272 3222 ‘Regna
292 3156 479 3228 Neoptolemi
499 3163 627 3234 referam,
649 3183 806 3242 versosque
826 3180 948 3244 penates

155 3225 346 3287 ‘Idomeneil
367 3231 514 3310 Libycone
534 3239 699 3301 habitantes
719 3244 804 3305 litore
825 3249 957 3310 Locros?
1074 3255 1126 3331 265
