2460 3686
133 33 188 90 194
393 15 429 72 P.
460 13 650 73 VERGILI
664 13 875 74 MARONIS

134 142 252 204 Ultricis
273 145 418 216 flammae,
442 154 471 204 et
492 141 604 204 cineres
625 142 746 204 satiasse
767 147 909 205 meorum.

131 223 216 283 Talia
236 223 390 294 iactabam‚
414 234 444 283 et
463 223 569 283 furiata
589 235 688 284 mente
709 223 844 304 ferebar‚]
915 274 920 287 ,

131 306 210 367 Cum
231 303 302 362 mihi
323 323 362 374 se,
385 323 447 364 non
467 315 535 362 ante
556 305 650 364 oculis
671 315 731 364 tam
752 307 837 376 clara,
859 303 1022 366 videndam

132 384 256 458 Obtulit,
279 395 308 444 et
328 403 401 459 pura
421 404 474 460 per
494 395 614 444 noctem
635 383 666 442 in
687 385 753 444 luce
773 385 884 444 refulsit
1078 406 1142 463 590

132 466 219 523 Alma
239 483 354 540 parens,
377 466 512 525 confessa
532 465 630 534 deam,
653 462 806 539 qualisque
827 465 917 524 videri

133 545 288 606 Caelicolis
310 556 339 604 et
359 555 471 620 quanta
490 546 586 618 solet;
607 545 768 620 dextraque
789 547 966 620 prehensum

133 625 295 694 Continuit‚
318 644 463 702 roseoque
483 626 558 685 haec
579 624 698 700 insuper
718 624 833 684 addidit
853 644 917 685 ore:

134 707 237 776 ‘Nate,
260 704 325 779 quis
346 704 505 764 indomitas
526 715 626 764 tantus
647 707 733 764 dolor
753 705 860 764 excitat
880 705 954 765 iras?

134 785 230 860 ‘Quid
251 784 343 846 suris?
376 795 427 844 aut
447 805 576 860 quonam
597 785 690 844 nostri
711 784 763 845 tibi
784 805 852 844 cura
871 787 1011 847 recessit?
1080 808 1139 866 595

135 868 222 924 ‘Non
242 864 321 940 prius
342 864 474 940 aspicies,
496 865 548 924 ubi
569 867 677 924 fessum
698 876 794 924 aetate
815 877 966 941 parentem

135 944 283 1022 ‘Liqueris
303 944 475 1006 Anchisen?
497 956 614 1020 superet
634 945 801 1006 coniunxne
822 948 941 1018 Creusa,

134 1023 353 1102 ‘Ascaniusque
373 1027 464 1100 puer?
485 1044 560 1099 quos
581 1044 686 1085 omnes
707 1027 838 1101 undique
859 1027 966 1087 Graiae

134 1105 270 1165 ‘Circum
293 1116 389 1165 errant
409 1105 495 1177 acies,
518 1115 554 1178 et,
577 1105 608 1164 ni
629 1125 696 1164 mea
716 1125 785 1164 cura
804 1106 925 1177 resistat,

134 1188 215 1246 ‘Iam
238 1187 372 1244 flammae
393 1184 510 1244 tulerint
530 1185 668 1246 inimicus
688 1198 718 1246 et
738 1185 865 1245 hauserit
885 1186 971 1247 ensis.
1079 1194 1141 1248 600

134 1268 220 1326 ‘Non
241 1265 294 1325 tibi
315 1265 492 1341 Tyndaridis
512 1266 601 1326 facies
621 1266 716 1326 invisa
736 1268 900 1337 Lacaenae,

133 1348 331 1422 ‘Culpatusve
352 1345 442 1418 Paris,
464 1346 563 1405 divom
583 1345 781 1416 inclementia,
802 1347 913 1418 divom,

133 1429 217 1485 ‘Has
238 1426 340 1486 evertit
362 1445 443 1501 opes,
465 1425 628 1503 sternitque
649 1446 667 1484 a
687 1426 815 1486 culmine
836 1427 965 1486 Troiam.

133 1507 272 1583 ‘Aspicez
294 1526 422 1582 namque
443 1525 571 1576 ornnem,
594 1526 670 1582 quae
691 1527 771 1566 nunc
792 1509 923 1567 obducta
943 1508 1043 1567 tuenti

134 1589 292 1646 ‘Mortales
313 1588 434 1646 hebetat
455 1587 534 1646 visus
555 1586 608 1647 tibi
630 1598 660 1646 et
679 1587 781 1646 umida
801 1586 911 1646 circum
1077 1594 1136 1667 605
1203 1587 1204 1644 l

133 1668 273 1744 ‘Caligat,
294 1669 405 1727 nubem
427 1667 563 1743 eripiam:
591 1678 623 1727 tu
643 1687 681 1726 ne
703 1687 763 1743 qua
783 1667 911 1742 parentis

134 1750 234 1808 ‘Iussa
254 1747 333 1815 time,
356 1767 414 1808 neu
435 1747 599 1824 praeceptis
620 1767 722 1824 parere
742 1767 853 1808 recusa.

133 1827 221 1902 ‘Hic‚
242 1827 294 1887 ubi
316 1827 452 1886 disiectas
470 1830 567 1888 'moles
588 1829 746 1904 avolsaque
767 1828 844 1887 saxis

133 1910 225 1968 ‘Saxa
244 1907 343 1981 vides,
359 1907 508 1984 mixtoque
530 1909 692 1968 undantem
713 1910 834 1984 pulvere
853 1911 977 1983 sumum,

133 1991 308 2065 ‘Neptunus
329 2007 428 2047 muros
449 2007 616 2064 magnoque
638 1999 737 2049 emota
757 1989 877 2048 tridenti
1073 1995 1134 2050 610

131 2070 356 2128 ‘Fundamenta
375 2069 476 2144 quatit,
500 2079 653 2143 totamque
673 2089 691 2127 a
712 2068 831 2129 sedibus
851 2070 954 2128 urbem

131 2149 237 2209 ‘Eruit
285 2150 346 2207 Hic
367 2150 444 2208 Iuno
467 2150 573 2208 Scaeas
595 2148 766 2208 saevissima
785 2159 884 2224 portas

131 2229 247 2288 ‘Prima
266 2240 356 2302 tenet,
380 2229 552 2305 sociumque
572 2231 670 2288 furens
691 2247 710 2287 a
730 2229 853 2288 navibus
874 2248 981 2305 agmen

132 2311 236 2368 ‘Ferro
257 2309 390 2368 accincta
410 2321 503 2368 vocat.

130 2391 212 2447 ‘lam
234 2407 363 2446 summas
383 2409 466 2449 arces
486 2386 629 2455 Tritonia,
649 2389 772 2465 respice,
794 2391 888 2448 Pallas
1070 2395 1127 2466 615

129 2468 269 2541 ‘Insedit
287 2467 389 2528 nimbo
411 2471 553 2546 effulgens
574 2480 603 2529 et
624 2472 763 2546 Gorgone
785 2489 879 2529 saeva.

131 2551 219 2623 ‘Ipse
241 2551 328 2609 Pater
349 2550 461 2610 Danais
482 2549 598 2609 animos
619 2549 752 2626 viresque
774 2551 916 2609 secundas

131 2628 257 2690 ‘Sufficit
264 2650 272 2703 3
292 2629 356 2706 ipse
378 2631 450 2689 deos
472 2629 503 2689 in
524 2631 665 2690 Dardana
685 2629 807 2690 suscitat
827 2649 916 2688 arma.

130 2710 245 2786 ‘Eripe,
267 2723 344 2783 nate,
366 2712 474 2786 fugam,
495 2711 644 2787 finemque
663 2709 774 2785 inpone
795 2710 896 2769 labori.

129 2792 304 2866 ‘Nusquam
325 2792 423 2862 abero,
444 2801 474 2850 et
494 2801 590 2848 tutum
611 2791 705 2865 patrio
726 2801 756 2849 te
776 2789 877 2850 limine
897 2788 1019 2850 sistam!
1066 2796 1123 2852 620

129 2871 252 2931 Dixerat
258 2893 266 2943 ;
286 2881 316 2930 et
336 2871 437 2947 spissis
458 2869 553 2929 noctis
574 2889 606 2928 se
626 2869 761 2930 condidit
781 2870 900 2930 umbris.
1203 2894 1204 2942 t

127 2953 281 3026 Adparent
301 2950 382 3009 dirae
402 2950 501 3021 facies,
521 2948 699 3025 inimicaque
719 2949 828 3010 Troiae

128 3029 261 3088 Numina
281 3049 329 3086 ma
370 3049 388 3086 a
407 3031 505 3085 deum.

169 3107 264 3163 ‘Tum
285 3049 367 3164 veri>n
376 3123 465 3162 omne
486 3105 557 3163 mihi
577 3105 672 3164 visum
692 3108 846 3168 considere
867 3109 897 3167 in
918 3109 1002 3186 ignes
1203 3087 1204 3168 i

78 3235 81 3243 r
129 3182 226 3249 Ilium,
249 3193 279 3241 et
299 3200 334 3239 ex
354 3182 414 3239 imo
434 3182 507 3240 verti
529 3184 680 3257 Neptunia
700 3188 805 3260 Troia3
1063 3198 1116 3269 625

129 3263 174 3317 Ac
193 3257 283 3318 veluti
303 3259 424 3317 summis
444 3260 595 3333 antiquam
615 3261 647 3319 in
667 3265 819 3324 montibus
839 3284 945 3325 ornum
