2442 3686
343 145 583 205 narramus
608 147 692 204 1111.
722 146 779 202 xl.
1006 148 1061 220 385

88 263 226 323 Deiicis?
248 274 298 322 aut
318 275 391 339 quot
410 264 491 322 humi
511 264 663 324 morientia
683 284 805 340 corpora
824 263 941 323 fundis?
1007 268 1062 341 665

89 345 228 399 Euneum
248 341 345 418 Clytio
365 343 490 417 primurn
510 355 611 418 patre:
638 344 719 402 cuius
738 353 869 418 apertum

87 420 216 478 Adversi
235 421 322 494 longa
342 423 551 479 transverberat
570 421 667 480 abiete
686 433 795 496 pectus.

89 497 244 572 Sanguinis
264 499 312 556 ille
332 517 454 558 vomens
474 499 550 557 rivos
571 499 658 570 cadit,
678 511 765 573 atque
785 512 932 558 cruentam

91 576 211 634 Mandit
231 577 360 646 humum,
381 577 567 652 moriensque
588 597 642 635 suo
663 579 745 636 sein
766 580 881 637 volnere
900 591 1000 638 versat

89 657 169 718 Tum
184 653 281 726 Lirim,
296 656 497 730 Pagasumque
511 674 597 730 super
607 674 749 730 :quorum
763 658 835 714 alter
847 658 976 717 habenas
1005 662 1062 732 670

89 735 221 793 Suffosso
244 734 389 791 revolutus
410 752 487 808 equo
507 735 576 793 dum
597 733 713 808 colligit,
735 737 807 793 alter

90 815 172 871 Dum
194 810 279 882 subit,
299 830 334 869 ac
354 812 484 869 dextram
504 811 614 869 labenti
634 812 727 870 tendit
746 813 892 884 inermem,

90 889 268 965 Praecipites
288 888 450 964 pariterque
470 901 562 948 ruunt.
606 890 663 948 His
682 892 763 949 addit
783 894 949 950 Amastrum

91 969 287 1044 Hippotaden
297 989 305 1038 ς
325 969 511 1043 sequiturque
531 968 703 1027 incumbens
724 969 835 1028 eminus
855 971 938 1029 hasta
1005 975 1063 1045 674

90 1049 253 1122 Tereaque,
270 1049 534 1122 Harpalycumque,
549 1057 578 1104 et
594 1048 827 1122 Demophoonta,
842 1049 1063 1124 Chromimque;

91 1129 233 1200 Quotque
253 1123 358 1184 emissa
378 1144 466 1183 manu
486 1125 626 1183 contorsit
646 1125 756 1199 spicula
775 1126 863 1200 virgo,

89 1208 153 1263 Tot
173 1203 289 1279 Phrygii
309 1204 439 1262 cecidere
459 1202 519 1260 viri.
561 1204 665 1260 Procul
687 1205 813 1279 Ornytus
833 1204 919 1263 armis

91 1281 207 1358 Ignotis
227 1293 256 1340 et
277 1301 352 1357 equo
373 1292 493 1340 venator
512 1283 622 1355 Iapyge
642 1283 746 1352 fertur3

92 1361 152 1421 Cui
172 1360 255 1436 pellis
275 1361 349 1418 latos
369 1362 504 1418 humeros
525 1370 624 1434 erepta
644 1359 765 1418 iuvenco

92 1440 251 1514 Pugnatori
272 1437 382 1513 operit;
408 1449 496 1512 caput
516 1437 617 1511 ingens
637 1438 695 1495 oris
714 1437 808 1496 hiatus
1005 1443 1062 1496 680

93 1521 133 1577 Et
155 1519 247 1575 malae
268 1528 363 1575 texere
384 1517 444 1590 lupi
465 1535 531 1572 cum
552 1516 687 1574 dentibus
708 1517 789 1588 albis,
908 1515 911 1522 ’

92 1595 281 1672 Agrestisque
302 1615 403 1652 manus
423 1606 515 1652 armat
535 1613 642 1669 sparus
684 1597 753 1670 Ipse
774 1595 893 1655 catervis

92 1675 223 1734 Vertitur
242 1673 272 1730 in
292 1673 403 1744 mediis,
427 1685 455 1732 et
476 1684 538 1731 toto
558 1672 664 1731 vertice
685 1692 770 1748 supra
790 1685 840 1733 est.

95 1757 189 1812 Hunc
208 1752 257 1810 illa
276 1763 439 1826 exceptum,
460 1771 555 1826 neque
576 1751 653 1809 enirn
672 1753 755 1810 labor
774 1753 888 1827 agmine
907 1771 999 1822 verso,

93 1831 223 1902 Traiicit,
245 1840 379 1904 etsuper
398 1831 471 1888 haec
491 1829 608 1886 inimico
628 1841 746 1903 pectore
765 1832 857 1902 fatur;
1006 1834 1061 1904 685

96 1910 197 1970 ‘Silvis
218 1921 255 1979 te,
277 1909 432 1984 Tyrrhene,
454 1910 528 1966 seras
547 1907 654 1981 agitare
674 1907 805 1982 putasti?

96 1987 242 2048 ‘Advenit
262 1988 311 2061 qui
331 1997 425 2046 vestra
445 1987 507 2044 dies
527 1985 714 2044 muliebribus
733 1987 818 2044 armis

96 2069 212 2126 ‘Verba
231 2065 412 2140 redarguerit
456 2067 574 2123 Nomen
594 2075 691 2122 tamen
711 2062 790 2122 haud
810 2067 873 2123 leve
893 2075 1005 2140 patrum

97 2145 255 2204 ‘Manibus
275 2145 333 2201 hoc
352 2145 465 2212 referes,
486 2145 546 2202 telo
566 2142 706 2210 cecidisse
727 2142 883 2202 Camillae?

97 2229 241 2284 Protenus
256 2221 439 2282 Orsilochum
454 2232 483 2279 et
498 2224 600 2292 Buten,
616 2223 675 2279 duo
690 2222 815 2278 maxima
828 2224 973 2279 Teucrum
1007 2223 1065 2294 690

98 2307 246 2378 Corpora:
273 2302 325 2359 sed
345 2303 440 2358 Buten
459 2318 591 2357 aversum
612 2299 731 2374 cuspide
751 2300 813 2359 fixit

97 2381 232 2440 Loricam
252 2381 422 2454 galeamque
442 2379 524 2448 inter,
546 2397 604 2452 qua
623 2380 699 2436 colla
718 2377 844 2436 sedentis

98 2464 221 2530 Lucent,
243 2468 272 2516 et
291 2459 375 2515 laevo
396 2457 543 2531 dependet
563 2475 662 2531 parma
682 2458 807 2528 lacert03

99 2538 292 2606 Orsilochum,
313 2535 425 2610 fugiens
445 2554 640 2609 magnumque
660 2536 766 2609 agitata
785 2555 836 2610 per
856 2536 963 2606 orbem,

100 2616 200 2676 Eludit
219 2633 289 2690 gyro
309 2612 434 2684 interior,
456 2612 641 2688 sequiturque
661 2623 830 2687 sequentem
839 2635 848 2687 3
1009 2614 1065 2687 695

98 2699 176 2754 Tum
196 2693 321 2751 vahdam
341 2709 450 2766 perque
470 2709 550 2747 arma
569 2691 630 2748 viro
651 2709 760 2765 perque
781 2709 847 2748 ossa
867 2689 997 2758 securim,

98 2773 195 2832 Altior
213 2789 374 2846 exsurgens,
395 2769 489 2828 oranti
509 2780 538 2826 et
557 2770 649 2826 multa
668 2767 797 2842 precanti

101 2849 312 2926 Congeminat:
339 2850 442 2906 volnus
463 2846 558 2904 calido
578 2847 651 2920 rigat
671 2865 721 2904 ora
741 2846 867 2904 cerebro.

101 2929 210 2988 Incidit
230 2927 305 2998 huic,
328 2926 482 3000 subitoque
502 2935 622 2998 aspectu
642 2924 754 2981 territus
774 2923 867 2981 haesit

101 3006 352 3083 Appenninicolae
372 3005 495 3063 bellator
514 3003 589 3060 filius
608 3000 694 3072 Auni,
1013 3016 1070 3075 700

102 3086 193 3144 Haud
214 3083 352 3158 Ligurum
372 3092 523 3152 extremus,
545 3080 614 3138 dum
634 3080 732 3138 fallere
751 3080 811 3136 fata
830 3078 971 3138 sinebant

103 3168 200 3239 Isque,
221 3161 272 3220 ubi
291 3179 322 3218 se
342 3161 423 3217 nullo
443 3158 501 3215 iam
521 3176 606 3214 cursu
626 3157 747 3214 evadere
765 3175 881 3231 pugnae

103 3245 201 3307 Posse,
222 3256 319 3312 neque
339 3238 496 3294 instantem
514 3234 643 3308 reginam
663 3245 790 3292 avertere
811 3234 910 3307 cernit,

104 3316 236 3380 Consilio
256 3332 368 3374 versare
389 3315 473 3372 dolos
493 3312 636 3388 ingressus
657 3321 686 3370 et
705 3323 778 3384 astu,

155 3438 178 3483 s.
194 3438 221 3478 v.
237 3437 258 3484 1.
951 3425 985 3485 25
