2488 3694
121 43 178 104 216
368 34 404 90 P.
440 29 634 90 VERGILI
657 25 876 85 MARONIS

122 158 298 220 ‘Manderet
319 168 349 216 et
370 157 463 232 tepidi
484 165 644 216 tremerent
665 155 721 214 sub
741 152 887 213 dentibus
909 162 1005 214 artus.

123 238 233 299 ‘Haud
253 236 375 312 impune
396 236 539 312 quidem:
567 253 625 295 nec
645 235 717 294 talia
736 251 844 309 passus
867 233 982 292 Ulixes

123 317 295 380 ‘Oblitusve
316 315 361 374 sui
381 326 427 375 est
449 317 570 375 Ithacus
591 313 763 374 discrimine
784 322 879 372 tanto.

125 400 220 458 ‘Nam
242 395 329 454 simul
350 398 484 472 expletus
505 394 634 470 dapibus
655 393 787 470 vinoque
808 394 947 468 sepultus
1092 397 1148 468 630

125 475 295 540 ‘Cervicem
315 474 456 535 inflexam
477 475 576 551 posuit
596 474 747 549 iacuitque
768 492 823 549 per
844 483 970 530 antrum

125 561 300 617 ‘Inmensus
320 555 433 614 saniem
455 567 591 615 eructans
613 565 643 614 et
663 556 757 614 frusta
778 563 905 611 cruento

126 640 200 697 ‘Per
219 654 356 695 somnum
377 635 540 695 commixta
559 654 650 705 mero,
673 652 730 693 nos
751 652 862 722 magna
883 631 1003 707 precati

128 714 277 776 ‘Numina
298 714 451 791 sortitique
470 715 551 774 vices
572 733 633 772 una
653 713 789 789 undique
811 731 926 771 elrcum

128 795 315 865 ‘Fundimur,
337 805 368 852 et
389 795 449 853 telo
470 796 571 853 lumen
593 796 777 852 terebramus
798 803 890 852 acuto
1090 796 1146 872 635

128 880 263 951 ‘Ingens
286 875 367 950 quod
389 885 472 932 torva
493 876 590 933 solum
612 875 668 933 sub
689 875 788 932 fronte
809 873 933 944 latebat,

128 953 274 1030 ‘Argolici
294 953 382 1029 clipei
402 964 454 1014 aut
476 955 635 1014 Phoebeae
656 953 804 1030 lampadis
826 952 929 1027 instar,

130 1038 188 1094 ‘Et
208 1035 329 1094 tandem
350 1033 420 1092 laeti
440 1034 590 1093 sociorum
611 1033 782 1094 ulciscimur
801 1034 932 1093 umbras

130 1115 205 1174 ‘Sed
225 1114 324 1189 fugite,
345 1133 365 1173 o
385 1112 492 1186 miseri,
514 1112 606 1192 fugite
626 1126 717 1190 atque
738 1117 777 1174 ab
799 1114 887 1174 litore
908 1115 1017 1174 funem

130 1193 298 1270 ‘Rumpite
1088 1198 1144 1268 640

133 1277 229 1333 ‘Nam
250 1273 344 1349 qualis
364 1283 552 1350 quantusque
572 1293 647 1334 cavo
670 1274 874 1351 Polyphemus
894 1273 927 1332 in
948 1286 1041 1335 antro

130 1352 308 1429 ‘Lanigeras
329 1354 439 1412 claudit
459 1354 591 1429 pecudes
612 1367 702 1430 atque
723 1357 817 1414 ubera
837 1366 962 1431 pressat,

132 1435 280 1493 ‘Centum
300 1433 349 1491 alii
370 1453 459 1492 curva
479 1435 553 1493 haec
573 1435 710 1494 habitant
731 1436 770 1494 ad
791 1434 881 1495 litora
900 1437 993 1512 volgo

134 1512 270 1572 ‘Infandi
292 1513 448 1589 CyclopeS,
472 1523 502 1573 et
523 1514 589 1574 altis
610 1515 764 1574 montibus
785 1525 893 1574 errant.

133 1593 250 1652 ‘Tertia
270 1591 329 1652 iam
349 1595 435 1652 lunae
457 1613 489 1653 se
509 1614 621 1655 cornua
641 1595 755 1654 lumine
776 1596 942 1672 complent,
1086 1600 1142 1674 645

134 1675 228 1735 ‘Cum
248 1673 338 1732 vitam
359 1673 390 1733 in
410 1673 489 1734 silvis
509 1674 586 1734 inter
606 1677 724 1734 deserta
744 1677 873 1735 ferarum

138 1756 258 1812 ‘Lustra
277 1755 442 1829 domosque
462 1756 555 1826 traho,
569 1766 729 1832 vastosque
750 1758 790 1815 ab
811 1775 887 1833 rupe
908 1758 1065 1834 Cyclopas

136 1835 302 1910 ‘Prospicio
323 1833 512 1910 sonitumque
533 1837 646 1911 pedum
665 1855 834 1911 vocemque
857 1847 1016 1898 tremesco

137 1915 272 1973 ‘Victum
293 1914 447 1987 infelicem,
470 1917 577 1974 baccas
598 1916 794 1993 lapidosaque
816 1937 917 1990 corna,

138 1997 236 2054 ‘Dant
255 1994 336 2066 rami,
359 2007 388 2054 et
408 1995 497 2055 volsis
518 2006 642 2072 pascunt
663 1998 812 2056 radicibus
832 1999 952 2058 herbae.
1088 2005 1146 2077 650

138 2075 264 2136 ‘Omnia
284 2077 467 2136 conlustrans
487 2076 566 2135 hanc
587 2076 715 2153 primum
737 2080 777 2137 ad
797 2078 885 2138 litora
905 2080 1037 2138 classem

140 2157 309 2234 ‘Conspexi
331 2156 505 2216 venientem.
550 2157 632 2216 Huic
653 2177 711 2230 me,
733 2177 944 2235 quaecumque
965 2160 1083 2234 fuisset,

140 2238 284 2298 ‘Addixiz
312 2237 381 2297 satis
403 2249 448 2296 est
466 2248 587 2314 gentem
608 2239 746 2314 effugisse
767 2241 936 2300 nefandam

142 2323 220 2380 ‘Vos
241 2319 369 2378 animam
389 2318 467 2377 hanc
487 2319 588 2396 potius
609 2337 802 2396 quocumque
822 2320 972 2380 absumite
993 2322 1076 2382 leto!

179 2401 238 2460 Vix
257 2420 293 2460 ea
313 2402 390 2459 fatus
411 2410 480 2471 erat,
502 2419 620 2460 summo
641 2419 709 2458 cum
731 2412 834 2460 monte
854 2401 993 2460 videmus
1091 2406 1147 2479 655

142 2489 245 2563 Ipsum
265 2482 340 2542 inter
361 2482 491 2556 pecudes
509 2491 593 2540 vasta
614 2500 645 2539 se
666 2481 746 2540 mole
767 2493 941 2541 moventem

143 2571 293 2627 Pastorem
316 2563 538 2638 Polyphemum,
561 2572 590 2622 et
610 2560 696 2621 litora
716 2574 790 2620 nota
809 2572 972 2638 petentem,

144 2652 312 2711 Monstrum
333 2643 522 2716 horrendum,
536 2643 669 2714 informe,
690 2641 805 2718 ingens,
827 2641 878 2701 cui
897 2644 1003 2702 lumen
1025 2645 1150 2722 ademp-

223 2740 285 2790 tum

144 2819 262 2877 Trunca
282 2827 372 2870 manu
392 2805 480 2883 pinus
500 2803 574 2882 regit
594 2814 623 2863 et
644 2803 767 2880 vestigia
786 2805 902 2878 firmat;

144 2896 306 2974 Lanigerae
327 2888 504 2951 comitantur
524 2905 595 2946 oves
605 2907 614 2958 ;
641 2904 676 2944 ea
696 2887 760 2944 sola
784 2886 923 2961 voluptas
1092 2890 1151 2946 660

145 2983 343 3053 Solamenque
363 2969 441 3030 mali·

146 3068 308 3134 Postquam
329 3055 403 3111 altos
424 3048 520 3123 tetigit
541 3049 647 3106 fluctus
667 3057 698 3105 et
719 3047 758 3104 ad
778 3065 910 3122 aequora
928 3048 1021 3120 venit,

149 3137 282 3200 Luminis
302 3128 401 3191 effossi
421 3127 545 3186 fluidum
564 3126 636 3184 lavit
656 3125 726 3185 inde
748 3145 883 3185 cruorem

149 3215 298 3276 Dentibus
317 3207 487 3268 infrendens
508 3205 626 3278 gemitu,
641 3204 832 3280 graditurque
853 3223 906 3280 per
926 3223 1042 3281 aequor

149 3299 215 3354 Iam
236 3290 374 3358 medium,
390 3283 517 3342 necdum
539 3283 644 3340 fluctus
665 3285 755 3351 latera
776 3285 868 3343 ardua
889 3283 984 3346 tinxit
1093 3291 1150 3364 665
