2468 3692
111 103 168 180 382
359 100 394 159 P.
429 99 621 158 VERGILI
641 97 852 157 MARONIS

110 233 259 293 ‘Selorum
278 247 431 288 nemorum
442 249 451 302 3
471 230 530 287 tela
549 227 678 303 undique
699 247 785 285 saeva
805 230 988 304 premebant,
1032 245 1089 304 545

110 313 168 370 ‘Et
181 309 355 368 circumfuso
377 307 538 365 volitabant
562 305 652 365 milite
674 306 783 365 Volsci
1108 330 1111 336 ·

111 391 215 459 ‘Ecca
235 388 320 462 fugae
342 386 441 444 medio
463 384 582 443 summis
602 388 764 442 Amasenus
787 384 940 442 abundans

112 467 287 542 ‘Spumabat
308 463 377 538 ripis
386 484 395 536 ς
415 474 512 521 tantus
535 481 567 521 se
588 461 715 521 nubibus
736 463 830 521 imber

113 548 266 620 ‘Ruperat
317 544 380 610 Ille,
402 540 502 599 innare
525 559 639 615 parans,
662 540 778 599 infantis
800 560 899 600 amore

113 624 279 693 ‘Tardatur,
300 638 425 695 caroque
448 618 528 679 oneri
548 619 637 678 timet
688 619 796 678 Omnia
816 638 915 677 secum
1032 638 1093 696 550

113 700 263 760 ‘Versanti
287 699 384 757 subito
406 697 455 755 vix
476 699 549 756 haec
574 697 718 755 sententia
739 697 831 756 sedit:

113 781 234 838 ‘Telum
257 777 382 846 inmane,
403 795 492 834 manu
516 775 611 834 valida
633 776 713 850 quod
734 777 807 834 sorte
829 777 949 852 gerebat

114 860 265 926 ‘Bellator,
289 855 413 914 solidum
437 853 523 912 nodis
546 865 576 912 et
598 855 703 912 robore
724 866 829 927 coct03

113 935 212 994 ‘Huic
232 945 339 1004 natam,
362 934 436 992 libro
458 943 487 990 et
508 931 629 990 silvestri
654 934 757 990 subere
779 934 914 1004 clausam,

115 1013 266 1089 ‘Inplicat
288 1023 374 1086 atque
395 1010 522 1069 habilem
542 1011 656 1069 mediae
676 1010 853 1087 circumligat
874 1013 983 1084 hastae,
1033 1029 1090 1089 555

115 1094 229 1166 ‘Quam
249 1092 349 1149 dextra
368 1089 477 1164 ingenti
497 1090 604 1148 librans
624 1088 664 1147 ita
683 1090 722 1148 ad
743 1091 860 1148 aethera
878 1092 970 1149 fatur:

116 1173 251 1234 “‘Alma
273 1168 325 1226 tibi
348 1168 433 1238 hanc,
457 1186 609 1225 nemomm
631 1167 741 1239 cultrix,
764 1168 889 1227 Latonia
908 1168 999 1244 virge,

116 1251 201 1324 ‘Ipse
224 1259 306 1322 pater
328 1247 465 1304 famulam
488 1264 582 1304 voveo
591 1266 600 1318 ;
620 1256 669 1304 tua
690 1245 783 1320 prima
806 1267 858 1322 per
878 1267 961 1306 auras

116 1329 205 1385 ‘Tela
228 1337 330 1384 tenens
352 1326 475 1399 supplex
497 1325 611 1382 hostem
635 1325 713 1399 sugit
755 1326 875 1400 Accipe,
900 1336 998 1396 testor,

116 1406 209 1462 ‘Diva
231 1415 319 1474 tuam,
342 1422 417 1478 quae
441 1421 519 1460 nnnc
543 1402 639 1460 dubiis
662 1403 850 1463 committitur
869 1403 970 1463 auris”
1032 1408 1092 1481 560

117 1482 224 1554 ‘Dixit
247 1494 276 1540 et
299 1481 426 1541 adducto
451 1491 615 1540 contortum
636 1482 739 1540 hastile
763 1483 871 1541 lacerto

116 1561 276 1621 ‘Inmittitz
297 1579 419 1618 sonuere
442 1560 538 1617 undae
548 1580 556 1631 ;
576 1559 709 1634 rapidum
733 1579 818 1635 super
840 1581 956 1620 amnem

117 1639 240 1698 ‘Infelix
261 1639 332 1714 fugit
355 1638 385 1695 in
408 1640 503 1696 iaculo
525 1637 663 1697 stridente
687 1640 818 1697 Camilla.

117 1723 173 1777 ‘At
196 1720 341 1786 MetabuS,
365 1736 471 1792 magna
493 1716 611 1791 propius
627 1716 691 1774 iam
714 1729 854 1792 urguente
877 1730 1000 1791 caterva,

117 1799 194 1855 ‘Dat
214 1815 277 1855 sese
297 1795 393 1866 fluvio,
412 1807 500 1870 atque
520 1796 634 1853 hastam
654 1815 722 1853 cum
742 1796 851 1871 virgine
871 1797 964 1856 victor
1033 1803 1091 1876 565

118 1875 293 1936 ‘Gramineo
314 1876 425 1933 donum
445 1872 561 1933 Triviae
581 1875 619 1932 de
639 1874 766 1948 caespite
785 1875 871 1934 vellit

118 1957 204 2013 ‘Non
225 1954 306 2011 illum
326 1952 409 2011 tectis
429 1954 512 2022 ullae,
534 1969 595 2009 non
615 1953 768 2012 moenibus
787 1955 873 2012 urbes

117 2036 292 2107 ‘Accepere
314 2049 409 2106 neque
430 2031 491 2106 ipse
511 2049 615 2088 manus
635 2031 747 2090 feritate
768 2031 895 2090 dedisset
904 2055 913 2107 ;

118 2113 287 2168 ‘Pastorum
308 2121 337 2168 et
357 2109 425 2169 solis
445 2108 539 2184 exegit
559 2108 707 2167 montibus
726 2129 839 2169 aevum.

118 2194 126 2222 ‘
136 2189 196 2246 Hic
216 2199 314 2246 natam
334 2188 364 2245 in
384 2187 480 2245 dumis
500 2189 633 2262 interque
651 2188 797 2246 horrentia
816 2190 904 2247 lustra
1035 2208 1094 2267 570

119 2268 310 2325 ‘Armentalis
331 2285 422 2341 equae
442 2265 575 2324 mammis
596 2276 625 2324 et
644 2267 719 2324 lacte
738 2267 830 2326 serino

118 2345 279 2416 ‘Nutribat
302 2346 407 2402 teneris
426 2344 589 2420 inmulgens
609 2345 698 2402 ubera
718 2345 811 2404 labris.

118 2425 240 2497 ‘thue
260 2424 368 2497 pedum
388 2423 487 2497 primis
507 2424 601 2481 infans
622 2423 741 2498 vestigia
760 2423 865 2498 plantis

119 2502 291 2572 ‘Institerat,
313 2501 408 2559 iaculo
428 2504 538 2576 palmas
560 2501 689 2560 oneravit
708 2514 803 2573 acuto,

119 2579 308 2655 ‘Spiculaque
329 2599 364 2637 ex
384 2580 504 2638 humero
524 2599 628 2654 parvae
649 2580 800 2654 suspendit
820 2591 850 2640 et
870 2601 975 2640 arcum.
1035 2604 1092 2663 575

120 2661 193 2717 ‘Pro
213 2658 311 2716 crinali
331 2676 410 2730 auro,
432 2677 485 2732 pro
505 2659 608 2732 longae
628 2660 754 2734 tegmine
774 2661 875 2734 pallae,

120 2737 262 2812 ‘Tigridis
283 2737 401 2794 exuviae
422 2755 473 2810 per
493 2736 610 2794 dorsum
630 2755 648 2794 a
666 2736 773 2795 vertice
793 2738 930 2813 pendent

118 2818 209 2873 ‘Tela
228 2834 316 2873 manu
336 2813 393 2872 iam
413 2825 475 2872 tum
496 2825 595 2873 tenera
615 2815 735 2890 puerilia
754 2817 844 2889 torsit,

120 2896 175 2951 ‘Et
194 2895 313 2951 hindam
334 2892 417 2952 tereti
437 2893 544 2950 circum
565 2904 652 2968 caput
672 2893 730 2969 egit
749 2895 872 2966 habena,

119 2971 385 3045 ‘Strymoniamque
405 2989 513 3046 gruem,
535 2983 585 3029 aut
605 2973 703 3030 album
724 2972 830 3032 deiecit
850 2976 970 3037 olorem.
1036 2983 1095 3055 580

119 3049 249 3102 ‘Multae
268 3048 347 3103 illam
368 3050 469 3105 frustra
489 3050 639 3123 Tyrrhena
658 3069 709 3126 per
729 3052 839 3127 oppida
858 3065 965 3116 matres

119 3123 281 3192 ‘Optavere
300 3141 419 3182 nurum:
447 3127 508 3182 sola
528 3137 667 3184 contenta
688 3128 792 3200 Diana,

119 3199 294 3251 ‘Aeternum
315 3200 437 3255 telorum
458 3212 487 3258 et
507 3202 673 3276 virginitatis
693 3225 822 3266 amorem

120 3273 313 3328 ‘Intemerata
332 3274 409 3330 colit.
450 3280 565 3337 Vellem
584 3282 662 3340 haud
683 3297 814 3361 correpta
833 3286 933 3347 suisset
