2460 3686
392 85 635 146 AENEIDOS
657 87 743 146 LIB.
782 87 811 146 V.
1042 115 1096 168 241

88 220 285 278 concussere
306 212 390 291 iugis,
415 213 561 291 pronique
585 213 617 272 in
638 216 760 275 verbera
781 215 920 292 pendent
981 221 984 228 '

91 301 180 357 Tum
202 299 309 374 plausu
331 293 508 369 fremituque
528 293 624 354 virum
648 295 813 371 studiisque
835 298 986 356 faventum

95 380 257 438 Consonat
279 395 368 436 omne
391 393 507 448 nemus,
531 394 698 452 vocemque
719 375 833 437 inclusa
854 379 991 437 volutant

93 459 218 531 Litora;
245 455 355 534 pulsati
378 457 469 515 colles
493 457 622 516 clamore
646 458 794 516 resultant
1040 476 1096 536 ¹50

93 537 211 615 Effugit
234 548 304 597 ante
326 536 400 596 alios
423 535 584 612 primisque
609 537 733 597 elabitur
754 537 842 598 undis

91 620 231 679 Turbam
245 617 321 677 inter
334 617 543 693 fremitumque
557 617 658 693 Gyas;
681 637 771 694 quem
786 618 895 678 deinde
910 619 1074 680 Cloanthus

93 697 308 776 Consequitur,
331 696 436 757 melior
458 696 555 768 remis,
581 698 635 757 sed
658 699 794 773 pondere
815 698 903 776 pinus

91 781 198 840 Tarda
220 788 309 839 tenet.
352 780 426 836 Post
446 778 502 836 hos
522 796 619 854 aequo
642 777 810 839 discrimine
833 779 934 839 Pristis

93 861 327 934 Centaurusque
348 859 449 917 locum
473 858 600 917 tendunt
623 876 760 934 superare
783 858 930 935 priorem;
1038 877 1092 938 155

93 943 138 1000 Et
163 959 244 998 nunc
268 937 369 998 Pristis
393 939 492 1008 habet,
516 957 596 997 nunc
619 938 727 997 victam
750 939 887 1016 praeterit
910 939 1014 1018 ingens

94 1023 275 1090 Centaurus
301 1038 382 1078 nunc
407 1037 466 1076 una
489 1020 596 1078 ambae
619 1017 785 1094 iunctisque
809 1021 941 1080 feruntur
992 1075 995 1080 .

94 1100 267 1170 Frontibus,
292 1109 322 1158 et
346 1101 435 1174 longa
458 1100 574 1157 sulcant
594 1100 672 1159 vada
693 1100 769 1158 salsa
791 1100 897 1159 carina.

95 1184 224 1257 Iamque
246 1179 486 1256 propinquabant
508 1180 640 1256 scopulo,
666 1190 835 1256 metamque
857 1181 1008 1254 tenebant,

95 1263 178 1322 Cum
202 1260 339 1338 princeps
361 1259 522 1335 medioque
546 1261 626 1335 Gyas
648 1259 679 1318 in
700 1260 813 1336 gurgite
826 1260 930 1320 ‘victor
1037 1265 1093 1321 160

95 1345 259 1401 Rectorem
280 1339 363 1399 navis
383 1341 542 1416 compellat
562 1359 636 1399 voce
658 1342 839 1402 Menoetent

96 1424 188 1496 ‘Quo
208 1431 324 1480 tantum
344 1419 417 1479 mihi
438 1421 539 1480 dexter
559 1420 643 1480 abis?
671 1421 730 1480 huc
751 1421 842 1498 dirige
862 1441 994 1498 gressum
1004 1445 1012 1498 3

96 1503 202 1561 ‘Litus
222 1521 298 1574 ama,
321 1512 350 1560 et
371 1502 468 1560 laevas
489 1499 611 1578 stringat
631 1500 694 1561 sine
714 1503 843 1578 palmula
862 1513 982 1576 cautes3

96 1584 219 1642 ‘Altum
240 1581 288 1640 alii
309 1581 448 1641 teneant!
490 1579 591 1641 Dixit:
620 1583 673 1642 sed
694 1602 783 1642 caeca
804 1586 963 1644 Menoetes

93 1665 172 1724 Saxa
192 1661 299 1722 timens
321 1681 437 1738 proram
458 1661 556 1738 pelagi
576 1662 732 1739 detorquet
752 1664 791 1723 ad
812 1665 915 1724 undas.
1035 1668 1089 1742 165

95 1745 186 1818 ‘Quo
207 1742 338 1802 diversus
358 1741 454 1801 abis?’
482 1741 596 1816 iterum,
621 1747 706 1819 ‘pete
727 1762 805 1816 saxa,
829 1744 990 1820 Menoete,’

93 1827 176 1886 Cum
197 1825 325 1883 clamore
346 1824 426 1898 Gyas
446 1825 604 1882 revocabat
613 1845 622 1896 3
649 1834 680 1882 et
699 1843 769 1883 ecce
791 1825 971 1884 Cloanthum

96 1903 232 1980 Respicit
251 1903 410 1964 instantem
430 1912 512 1979 tergo
533 1914 562 1962 et
582 1902 720 1980 propiora
739 1915 898 1964 tenentem.

93 1987 154 2046 Ille
175 1984 250 2043 inter
270 2002 437 2058 navemque
457 1985 540 2059 Gyae
561 1984 758 2060 scopulosque
779 1996 918 2044 sonantes

93 2065 190 2125 Radit
210 2064 265 2124 iter
284 2065 399 2123 laevom
419 2062 548 2135 interior,
570 2063 728 2137 subitoque
749 2063 875 2140 priorem
1035 2083 1090 2142 170

92 2145 239 2205 Praeterit
259 2155 289 2203 et
309 2143 396 2204 metis
415 2155 496 2203 tenet
517 2162 645 2219 aequora
665 2155 729 2202 tuta
748 2143 862 2203 relictis.

92 2229 177 2285 Turn
197 2244 266 2285 vero
287 2223 392 2283 exarsit
412 2223 511 2284 iuveni
531 2225 617 2283 dolor
637 2223 750 2284 ossibus
770 2225 891 2300 ingens3

94 2309 166 2366 Nec
185 2304 310 2365 lacrimis
331 2323 449 2364 caruere
469 2323 563 2380 genae
573 2326 582 2378 ;
609 2324 789 2382 segnemque
812 2308 983 2379 Menoeten,

95 2387 217 2446 Oblitus
238 2384 411 2460 decorisque
431 2385 476 2444 sui
496 2384 668 2460 sociumque
689 2385 797 2459 salutis,

96 2470 137 2527 In
157 2486 237 2526 mare
258 2465 447 2542 praecipitem
467 2465 561 2541 puppi
581 2466 717 2525 deturbat
737 2467 775 2526 ab
796 2469 872 2527 alta:
1035 2483 1089 2546 175

97 2550 169 2624 Ipse
189 2547 368 2623 gubernaclo
388 2556 485 2605 rector
505 2544 592 2614 subit,
614 2545 677 2622 ipse
698 2547 842 2624 magister,

98 2631 303 2702 Hortaturque
323 2626 409 2698 viros,
432 2627 607 2700 clavomque
627 2627 665 2685 ad
687 2625 771 2687 litora
791 2638 914 2702 torquet

97 2711 138 2766 At
159 2706 261 2783 gravis,
283 2718 316 2766 ut
335 2707 429 2766 fundo
449 2705 498 2764 vix
519 2706 640 2765 tandem
660 2707 792 2767 redditus
813 2707 873 2768 imo
894 2719 939 2768 est

98 2790 165 2846 Iam
186 2787 284 2846 senior
303 2787 484 2863 madidaque
505 2787 599 2846 fluens
619 2785 650 2844 in
671 2797 752 2846 veste
775 2789 932 2846 Menoetes

98 2871 219 2928 Summa
239 2866 313 2944 petit
333 2867 448 2942 scopuli
469 2866 605 2943 siccaque
626 2865 657 2924 in
678 2885 749 2942 rupe
770 2865 885 2926 resedit
1036 2871 1091 2947 1¹80

99 2950 188 3008 Illum
208 2959 238 3007 et
259 2948 408 3006 labentem
428 2947 536 3006 Teucri
556 2958 587 3006 et
607 2946 695 3005 risere
715 2957 866 3006 natantem
877 2971 885 3022 3

100 3032 139 3089 Et
160 3029 251 3088 salsos
272 3026 369 3088 rident
389 3037 591 3087 revomentem
612 3037 733 3102 pectore
753 3028 866 3086 fluctus.
950 3061 951 3066 κ

100 3110 161 3169 Hic
181 3110 258 3167 laeta
278 3106 414 3167 extremis
435 3126 501 3184 spes
523 3117 567 3166 est
587 3125 712 3167 accensa
733 3108 856 3178 duobus,

99 3193 232 3264 Sergesto
254 3187 472 3263 Mnestheique,
495 3188 579 3262 Gyan
602 3205 738 3262 superare
758 3200 930 3248 morantem.

99 3274 249 3347 Sergestus
269 3267 349 3344 capit
369 3279 438 3327 ante
458 3269 557 3326 locum
578 3268 759 3345 scopuloque
780 3269 968 3345 propinquat,
1036 3274 1089 3345 185

100 3353 165 3412 Nec
185 3359 247 3409 tota
267 3361 367 3408 tamen
387 3347 436 3406 ille
456 3345 536 3423 prior
555 3359 715 3423 praeeunte
736 3349 851 3423 carina3

137 3515 140 3520 -
161 3485 184 3530 s.
202 3487 227 3528 v.
246 3486 266 3532 1.
959 3473 994 3529 16
