2462 3678
134 45 191 108 31²
384 22 420 80 P.
455 22 646 80 aarum
669 20 877 80 Maronis

136 152 274 215 Perfectis
294 152 430 211 referunt.
474 149 542 209 Ibat
562 167 613 208 rex
633 147 747 209 obsitus
768 169 849 224 aevo,

136 237 174 296 Et
193 232 333 293 comitem
353 234 477 290 Aenean
498 229 580 288 iuxta
599 240 762 306 natumque
784 232 904 291 tenebat

135 312 317 390 Ingrediens,
339 309 479 386 varioque
499 308 576 367 iriam
598 327 735 369 sermone
754 312 877 370 levabat.

136 393 260 453 Miratur
280 390 440 482 facilesque
460 391 563 448 oculos
583 391 638 448 fert
658 389 761 448 omnia
781 390 890 448 circum
1094 413 1154 469 3¹0

134 477 260 544 Aeneas,
283 469 455 546 capiturque
475 468 556 540 locis,
578 480 608 527 et
628 468 743 558 singula
763 470 856 528 laetus

136 551 329 629 Exquiritque
348 549 491 625 auditque
511 548 606 606 virum
625 547 810 607 monimenta
829 548 972 624 priorum.

135 635 213 691 Tum
233 650 284 692 rex
305 630 461 688 Euandrus
482 630 637 687 Romanae
657 627 795 686 conditor
813 629 905 688 arcis:

138 714 241 771 ‘Haec
261 727 384 769 nemora
403 707 560 785 indigenae
582 706 676 766 Fauni
697 709 914 784 Nymphaeque
936 711 1103 784 tenebant,

137 794 295 866 ‘Gensque
316 788 410 847 virum
431 786 541 847 truncis
561 797 591 846 et
611 789 687 846 duro
707 788 812 847 robore
832 801 909 879 nata,
1093 813 1130 867 31
1135 811 1150 869 5

138 871 231 945 ‘Quis
252 887 348 945 neque
369 887 434 927 mos
455 885 553 943 neque
572 869 667 926 cultus
688 878 758 938 erat,
780 887 836 926 nec
854 868 979 944 iungere
1000 881 1125 943 tauma,

139 953 215 1009 ‘Aut
235 966 414 1024 componere
435 965 507 1022 opes
527 957 642 1017 norant,
663 957 714 1006 aut
735 965 853 1022 parcere
872 961 980 1024 parto.

138 1011 213 1090 ‘Sed
233 1027 307 1088 rami
326 1038 415 1102 atque
437 1045 521 1102 asper
541 1027 621 1085 victu
642 1037 765 1085 venatus
785 1028 888 1086 alebat

139 1109 269 1168 ‘Primus
290 1108 326 1167 ab
348 1106 478 1165 aetherio
498 1106 578 1165 venit
598 1108 739 1165 Saturnus
761 1108 898 1184 Olympo,

139 1191 246 1247 ‘Arma
267 1187 346 1246 lovis
367 1185 481 1261 fugiens
502 1197 532 1246 et
552 1184 647 1262 regnis
668 1188 751 1244 exsul
771 1187 924 1262 ademptis
1090 1210 1150 1268 3²0

138 1270 185 1328 ‘Is
204 1285 297 1344 genus
317 1266 445 1326 indocile
466 1284 501 1324 ac
521 1265 685 1340 dispersum
706 1265 857 1325 montibus
877 1268 944 1326 altis

139 1346 339 1423 ‘Composuit
361 1346 499 1421 legesque
520 1345 612 1415 dedit,
634 1344 810 1436 Latiumque
829 1347 927 1405 vocari

139 1427 271 1498 ‘Maluit
293 1425 338 1484 his
359 1425 501 1501 quoniam
520 1424 652 1483 latuisset
672 1435 751 1484 tutus
772 1425 803 1484 in
823 1426 887 1484 oris

137 1509 253 1566 ‘Aurea
273 1523 349 1595 quae
369 1504 532 1581 perhibent,
554 1505 604 1564 illo
625 1505 680 1564 sub
700 1524 767 1581 rege
787 1507 905 1565 fuerunt

27 1653 30 1657 ι
138 1586 294 1646 ‘Saecula:
316 1569 358 1644 sic
378 1585 494 1661 placida
514 1584 668 1661 populos
661 1595 692 1643 tn
712 1603 786 1660 pace
806 1587 944 1662 regebat;
1089 1609 1145 1667 325
1208 1649 1209 1660 ,

138 1665 291 1725 ‘Deterior
311 1666 408 1724 donec
429 1664 571 1740 paulatim
590 1684 627 1722 ac
646 1665 767 1723 decolor
787 1679 867 1724 aetas

138 1748 194 1805 ‘Et
214 1742 284 1804 belli
303 1745 398 1803 rabies
419 1749 448 1803 et
468 1762 553 1802 amor
572 1746 712 1803 successit
732 1744 868 1804 habendi.

140 1828 235 1884 ‘Tum
256 1844 360 1883 manus
379 1823 513 1883 Ausonia
532 1834 562 1883 et
582 1835 685 1899 gentes
706 1843 812 1884 venere
834 1825 967 1898 Sicanae,

138 1905 277 1981 ‘Saepius
298 1915 327 1964 et
348 1923 458 1963 nomen
478 1903 578 1979 posuit
598 1903 734 1963 Saturnia
754 1906 847 1962 tellus.

138 1988 233 2044 ‘Tum
252 2004 334 2060 reges
355 2002 498 2059 asperque
519 1983 640 2042 immani
661 2003 784 2058 corpore
804 1983 939 2059 Thybris,

139 2068 184 2123 ‘A
204 2084 264 2140 quo
285 2074 352 2140 post
374 2063 441 2122 Itali
461 2063 583 2122 fiuvium
604 2063 780 2139 cognomine
800 2064 944 2139 Thybrim

138 2141 307 2216 ‘Diximus;
331 2143 428 2202 amisit
447 2162 549 2202 verum
571 2153 653 2202 vetus
674 2144 783 2201 Albula
802 2161 920 2202 nomen.

138 2227 208 2284 ‘Me
228 2226 346 2301 pulsum
367 2223 461 2299 patria
481 2222 635 2299 pelagique
656 2233 786 2282 extrema
806 2234 981 2298 sequentem

138 2307 284 2364 ‘Fortuna
304 2303 493 2378 omnipotens
514 2314 544 2362 et
563 2302 750 2361 ineluctabile
771 2304 864 2361 fatum
1208 2359 1209 2372 ,

137 2383 213 2443 ‘His
233 2402 358 2459 posuere
379 2382 459 2454 lociS,
482 2383 642 2457 matrisque
663 2400 748 2458 egere
769 2383 923 2441 tremenda
1083 2409 1141 2466 335
1208 2373 1209 2434 i

139 2462 320 2525 ‘Carmentis
340 2463 488 2538 nymphae
509 2462 623 2521 monita
643 2474 672 2520 et
692 2464 766 2521 deus
787 2472 889 2522 auctor
910 2463 1041 2539 Apollo.’

134 2545 193 2604 Vix
213 2563 249 2602 ea
268 2543 365 2614 dicta5
388 2541 497 2601 dehinc
517 2560 685 2632 progressus
709 2553 853 2601 monstrat
873 2553 902 2601 et
922 2562 1004 2601 aram

136 2628 175 2685 Et
196 2585 414 2685 Carmentaiem
435 2623 565 2681 Romani
585 2621 705 2680 nornine
725 2632 842 2698 portam

137 2707 236 2780 Quam
257 2713 430 2772 memorant,
452 2703 599 2793 nymphae
620 2701 748 2777 priscum
769 2701 935 2761 Carmentis
955 2703 1119 2782 honorem,

135 2785 220 2846 Vatis
240 2784 386 2855 fatidicae,
408 2781 515 2841 cecinit
536 2801 612 2857 quae
633 2781 727 2857 prima
746 2782 860 2840 futuros
1078 2809 1140 2863 340

136 2865 293 2924 Aeneadas
313 2880 437 2939 magnos
458 2872 488 2921 et
507 2861 607 2921 nobile
629 2862 818 2920 Pallanteum.
1010 2879 1013 2882 “

138 2944 219 3004 Hinc
239 2945 339 3002 lucum
358 2943 517 3018 ingentem,
540 2960 629 3018 quern
652 2943 798 2999 Romulus
817 2959 886 2999 acer
905 2941 1030 3016 Asylum

137 3023 269 3096 Rettulit,
291 3033 321 3082 et
340 3021 440 3098 gelida
459 3031 603 3080 monstrat
623 3022 679 3079 sub
699 3039 772 3096 rupe
793 3022 946 3096 Lupercal,

137 3101 289 3163 Parrhasio
310 3103 422 3161 dictum
444 3103 542 3160 Panos
563 3102 601 3161 de
621 3119 702 3159 more
724 3099 839 3175 Lycaei.

137 3187 203 3244 Nec
222 3200 283 3239 non
305 3192 335 3239 et
354 3179 427 3238 sacri
448 3191 591 3238 monstrat
611 3198 715 3238 nemus
736 3178 867 3254 Argileti,
1072 3205 1132 3266 345

136 3264 332 3331 Testaturque
351 3259 457 3325 locum,
480 3266 510 3313 et
530 3259 622 3315 letum
643 3258 731 3317 docet
751 3258 875 3334 hospitis
895 3258 973 3335 Argi
