2462 3678
143 63 200 137 326
392 57 428 114 P.
459 55 646 114 VERGILI
660 53 872 114 MARONIS

184 183 261 258 Ergo
282 182 383 243 aderat
403 182 547 259 promissa
567 182 631 242 dies
652 192 682 242 et
703 194 838 258 tempora
857 184 970 243 Parcae

144 263 253 322 Debita
272 264 464 340 complerant,
485 281 552 321 cum
573 261 666 321 Turni
687 261 793 322 iniuria
813 264 942 322 Matrem

144 342 308 403 Admonuit
328 341 439 402 ratibus
459 341 547 401 sacris
567 343 715 418 depellere
736 342 845 402 taedas.

145 423 207 482 Hic
226 422 352 499 primum
373 441 452 482 nova
472 424 521 480 lux
541 421 633 481 oculis
654 421 763 481 offulsit
784 433 813 481 et
833 421 937 499 ingens
1084 441 1142 480 110

144 503 233 562 Visus
253 505 291 562 ab
312 505 426 561 Aurora
446 503 560 561 caelum
581 513 774 562 transcurrere
795 501 912 561 nimbus

146 583 288 657 Idaeique
308 582 389 640 chori
398 603 407 654 3
435 593 498 641 turn
517 599 577 640 vox
597 583 744 640 horrenda
763 601 816 657 per
836 601 921 640 auras

145 663 262 722 Excidit
281 673 311 723 et
331 663 442 720 Troum
465 663 702 737 Rutulorumque
722 659 841 737 agmina
860 663 1011 738 complet:

147 745 211 802 ‘Ne
232 741 377 818 trepidate
397 760 487 814 meas,
509 741 626 813 Teucri,
647 742 807 802 defendere
826 761 925 812 naves,

147 824 248 882 ‘Neve
268 831 378 880 armate
398 840 523 879 manus:
550 821 642 879 maria
662 833 732 881 ante
752 840 871 882 exurere
891 823 996 880 Turno
1081 838 1141 894 ¹¹5
1207 871 1209 886 ,,

147 903 263 976 ‘Quam
284 919 379 960 sacras
400 900 518 960 dabitur
537 901 631 977 pinus.
674 903 737 960 Vos
757 901 798 960 ite
819 903 940 976 solutae,

147 983 211 1041 ‘Ite
232 983 306 1042 deae
325 980 438 1057 pelagi:
466 981 607 1041 Genetrix
626 980 725 1040 iubet!
767 984 805 1041 Et
826 1000 879 1041 sua
898 999 1036 1057 quaeque

147 1061 298 1122 Continuo
319 1079 432 1136 puppes
453 1061 632 1137 abrumpunt
651 1060 769 1120 vincula
788 1061 858 1137 ripis

147 1140 389 1216 Delphinumque
410 1142 501 1200 modo
522 1139 662 1200 demersis
682 1159 812 1216 aequora
831 1140 931 1200 rostris

148 1224 214 1280 Ima
234 1230 346 1296 petunt.
390 1219 472 1278 Hinc
492 1219 638 1297 virgineae
660 1221 805 1300 (mirabile
825 1219 1001 1300 monstrum)
1075 1240 1135 1278 120

148 1299 242 1382 [Quot
262 1300 341 1377 prius
362 1310 477 1359 aeratae
497 1311 638 1360 steterant
658 1301 698 1360 ad
717 1300 803 1360 litora
822 1299 949 1382 prorae‚]

148 1381 291 1440 Reddunt
312 1399 343 1439 se
363 1380 488 1439 totidem
507 1379 598 1439 facies
618 1392 772 1457 pontoque
792 1382 949 1449 seruntur„

188 1459 364 1535 Obstipuere
384 1459 489 1519 animis
511 1460 630 1534 Rutuli3
659 1459 832 1519 contenitus
852 1461 915 1536 ipse

147 1539 285 1600 Turbatis
306 1542 462 1615 Messapus
482 1539 583 1616 equis;
617 1552 771 1600 cunctatur
791 1550 821 1599 et
840 1539 936 1598 amnis

148 1623 251 1680 Rauca
271 1638 379 1678 sonans
399 1632 575 1696 revocatque
596 1621 705 1696 pedem
725 1619 882 1680 Tiberinus
902 1622 942 1680 ab
961 1621 1031 1681 alto.
1081 1637 1135 1694 125

148 1704 188 1760 At
208 1719 269 1759 non
289 1697 395 1758 audaci
414 1700 518 1759 Turno
538 1699 647 1759 fiducia
667 1699 771 1775 cessit3

148 1781 236 1840 Ultro
256 1779 371 1838 animos
392 1779 467 1839 tollit
487 1780 573 1838 dictis
594 1791 684 1856 atque
704 1779 836 1858 increpat
855 1782 949 1840 ultro:

149 1859 310 1919 ‘Troianos
330 1861 404 1919 haec
425 1869 556 1918 monstra
576 1870 698 1936 petunt3
731 1859 776 1918 his
798 1860 933 1937 Iuppiter
953 1860 1018 1936 ipse

151 1939 316 1998 ‘Auxilium
337 1939 455 1998 solitum
476 1939 599 2016 eripuit3
633 1959 695 1999 non
716 1941 775 1999 tela
794 1959 891 2016 neque
910 1940 995 2018 ignes

1083 2040 1137 2095 130

151 2103 233 2160 ‘Nec
252 2119 319 2176 spes
340 2101 400 2158 ulla
420 2099 523 2176 fugae:
551 2119 646 2159 rerum
667 2118 734 2176 pars
754 2102 846 2159 altera
865 2102 1006 2176 adempta
1027 2112 1089 2162 est:

150 2183 256 2240 ‘Terra
275 2191 374 2240 autem
395 2179 425 2238 in
446 2179 552 2239 nostris
573 2179 717 2251 manibus,
739 2191 783 2240 tot
803 2179 884 2238 milia
903 2192 1008 2257 gentes

150 2263 256 2318 ‘Arma
275 2261 372 2319 serunt
392 2261 492 2319 Italae.
536 2259 587 2318 Nil
607 2279 655 2319 me
676 2258 775 2318 fatalia
794 2271 911 2333 terrent,

150 2339 196 2399 ‘Si
217 2359 275 2415 qua
296 2341 424 2416 Phryges
443 2357 513 2414 prae
535 2359 567 2400 se
587 2337 705 2413 iactant,
727 2357 868 2416 responsa
887 2341 1033 2400 deorum:

150 2421 217 2478 ‘Sat
237 2418 303 2477 latis
323 2417 491 2493 Venerique
513 2420 625 2491 datum,
645 2419 766 2495 tetigere
787 2421 869 2494 quod
889 2439 958 2479 arva
1087 2438 1136 2494 135
1212 2501 1213 2510 ἵ

150 2498 281 2558 ‘Fertilis
302 2499 452 2558 Ausoniae
471 2501 572 2558 Troes.
617 2501 691 2558 Sunt
712 2511 741 2559 et
762 2519 830 2560 mea
849 2511 952 2559 contra

151 2581 241 2638 ‘Fata
261 2577 341 2650 mihi,
363 2581 439 2638 ferro
459 2581 630 2638 sceleratam
652 2579 823 2640 exscindere
842 2591 972 2656 gentem,

150 2657 301 2736 ‘Coniuge
322 2669 492 2734 praerepta:
520 2678 576 2718 nec
597 2661 676 2718 solos
697 2658 790 2735 tangit
810 2659 928 2718 Atn'das

151 2743 229 2799 ‘Iste
250 2740 343 2809 dolor,
365 2737 492 2814 solisque
513 2738 581 2798 licet
602 2758 707 2815 capere
728 2757 810 2797 arma
830 2738 972 2814 Mycenis

151 2824 187 2854 “‘
196 2821 252 2879 Sed
274 2817 393 2894 periisse
414 2819 505 2878 semel
526 2819 595 2877 satis
616 2819 699 2878 est:’'
726 2837 850 2895 peccare
869 2818 971 2878 fuisset
1087 2841 1140 2892 ¹40

151 2903 247 2958 ‘Ante
268 2898 345 2969 satis,
366 2897 482 2974 penitus
503 2899 595 2967 modo
615 2917 677 2956 non
697 2917 791 2978 genus
812 2917 901 2958 omne
921 2917 1046 2974 perosos

152 2977 350 3037 ‘Femineum
393 2975 509 3051 Quibus
529 2977 603 3036 haec
623 2979 714 3038 medii
733 2979 843 3038 fiducia
860 2979 929 3038 valli

153 3061 384 3130 ‘Fossarumque
404 3075 510 3127 morae,
532 3057 583 3116 leti
604 3057 772 3116 discrimina
791 3077 887 3134 parva,

152 3140 249 3195 ‘Dant
270 3134 393 3193 animos.
436 3139 476 3194 At
496 3155 557 3195 non
577 3137 711 3196 viderunt
733 3137 852 3198 moenia
872 3137 980 3198 ‘troiae

153 3213 302 3288 ‘Neptuni
320 3213 460 3271 fabricata
479 3234 570 3272 manu
590 3217 744 3276 considere
764 3217 794 3275 in
815 3217 919 3294 ignes?
1086 3239 1135 3296 ¹¹15
1212 3223 1213 3242 ¹

152 3293 226 3352 ‘Sed
247 3308 307 3362 vos,
330 3308 350 3348 o
370 3289 446 3360 lecti,
467 3293 543 3352 ferro
564 3293 631 3368 quis
652 3296 785 3358 scindere
805 3300 914 3356 vallum
