2494 3702
176 99 231 170 148
434 92 471 150 P.
496 91 685 152 VERGILI
699 91 909 151 MARONIS

177 241 302 316 lamque
321 235 536 297 ministrantem
557 236 710 312 platanum
730 237 901 312 potantibus
921 239 1050 297 umbras.

176 321 288 379 Verum
313 319 388 378 haec
408 317 473 394 ipse
492 315 631 392 equidem
653 315 755 392 spatiis
775 319 910 376 exclusus
931 316 1042 395 iniquis

179 401 334 459 Praetereo
353 407 443 474 atque
463 396 527 457 aliis
547 408 615 473 post
635 415 684 455 me
704 397 897 458 memoranda
916 397 1060 472 relinquo.

217 480 307 540 Nunc
326 496 389 554 age,
412 487 530 536 naturas
551 476 655 552 apibus
677 495 748 553 quas
770 476 904 553 Iuppiter
923 476 988 554 ipse

178 558 313 632 Addidit,
335 557 498 634 expediam,
512 576 574 633 pro
595 576 654 633 qua
673 558 810 616 mercede
831 576 954 616 canoros
1118 573 1174 632 150

179 641 322 701 Curetum
343 636 456 697 sonitus
477 636 708 714 crepitantiaque
728 657 796 696 aera
817 648 936 697 secutae

179 718 306 779 Dictaeo
326 716 400 778 caeli
420 736 519 794 regern
540 735 647 793 pavere
668 719 723 777 sub
744 727 836 778 antro.

178 800 266 861 Solae
286 816 460 858 communes
481 807 576 871 natos,
598 797 747 857 consortia
767 807 846 857 tecta

180 879 271 940 Urbis
291 879 410 951 habeut,
431 877 607 955 magnisque
627 877 738 954 agitant
759 880 815 937 sub
834 878 947 955 legibus
968 897 1087 950 aevom,

180 961 220 1020 Et
239 959 364 1036 patriam
385 959 467 1018 solae
487 967 517 1018 et
537 969 633 1018 certos
654 977 763 1018 novere
784 971 925 1034 penates;
1117 973 1171 1033 155

179 1042 391 1116 Venturaeque
411 1038 516 1098 hiemis
537 1057 682 1098 memores
702 1049 814 1098 aestate
834 1040 964 1098 laborem

181 1119 380 1197 Experiuntur
399 1129 429 1177 et
449 1117 480 1177 in
500 1117 632 1178 medium
653 1117 786 1194 quaesita
805 1129 959 1195 reponunt,

181 1202 320 1276 Namque
340 1197 415 1258 aliae
435 1197 514 1258 victu
535 1197 688 1276 invigilant
708 1209 737 1258 et
758 1201 877 1259 foedere
896 1209 986 1275 pacto

181 1282 362 1340 Exercentur
382 1278 457 1356 agris
467 1301 476 1352 ;
503 1297 570 1356 pars
590 1279 667 1338 intra
687 1290 789 1355 saepta
809 1280 965 1338 domorum

182 1358 311 1420 Narcissi
331 1359 482 1418 lacrimam
503 1370 533 1419 et
553 1361 665 1419 lentum
686 1361 724 1420 de
745 1359 854 1419 cortice
874 1361 976 1436 gluten
1117 1361 1174 1416 160

181 1439 280 1500 Prima
299 1439 372 1499 favis
392 1451 507 1516 ponunt
527 1441 708 1514 fundamina,
731 1439 841 1500 deinde
862 1452 980 1500 tenaces

181 1521 372 1596 Suspendunt
392 1539 492 1589 ceras;
519 1519 594 1579 aliae
615 1540 697 1596 spem
718 1519 814 1597 gentis
834 1521 951 1582 adultos

182 1602 322 1661 Educunt
342 1600 419 1660 fetus
429 1623 438 1675 ;
464 1599 539 1659 aliae
560 1599 714 1675 purissima
736 1602 825 1660 mella

182 1683 308 1756 Stipant,
329 1691 359 1740 et
379 1679 493 1758 liquido
514 1679 686 1740 distendunt
707 1691 824 1741 nectare
845 1682 941 1740 cellas

182 1763 264 1836 Sunt,
286 1759 395 1838 quibus
415 1761 455 1820 ad
475 1771 575 1836 portas
596 1759 704 1821 cecidit
723 1761 859 1821 custodia
878 1759 957 1832 sorti,
1112 1763 1175 1836 165

183 1843 278 1916 Inque
298 1839 394 1900 vicem
415 1843 604 1916 speculantur
623 1860 715 1917 aquas
735 1852 765 1901 et
785 1841 886 1900 nubila
907 1840 981 1900 caeli

182 1924 243 1979 Aut
263 1939 354 1980 onera
374 1920 525 1997 accipiunt
545 1920 717 1981 venientum
738 1931 788 1980 aut
808 1921 925 1998 agmine
945 1923 1025 1980 facto

183 2003 327 2076 Ignavum
347 2003 431 2060 fucos
451 2019 545 2077 pecus
564 2020 583 2059 a
603 2000 792 2077 praesepibus
813 2013 920 2061 arcent.

183 2083 208 2140 F
226 2092 288 2140 rvet
308 2099 392 2156 opus,
413 2081 609 2156 redolentque
629 2082 731 2156 thymo
751 2081 908 2158 fragrantia
927 2082 1033 2154 mella3

155 2099 228 2260 [xi
247 2161 339 2220 veluti
359 2160 446 2221 lentis
467 2161 615 2238 Cyclopes
635 2161 758 2220 fulmina
778 2162 882 2221 massis
1117 2176 1175 2234 170

182 2241 260 2301 Cum
281 2253 449 2316 properant,
471 2241 521 2299 alii
541 2241 663 2300 taurinis
682 2241 801 2301 follibus
822 2261 906 2300 auras

182 2319 342 2396 Accipiunt
362 2322 557 2397 redduntque,
578 2321 628 2380 alii
648 2320 800 2380 stridentia
820 2320 935 2398 tingunt

182 2404 260 2460 Aera
279 2401 363 2475 lacu3
390 2401 481 2477 gemit
500 2400 635 2478 inpositis
656 2400 812 2461 incudibus
832 2405 948 2474 Aetna;

184 2479 231 2539 llli
251 2477 329 2539 inter
349 2498 413 2540 sese
433 2499 543 2558 magna
562 2481 591 2540 vi
610 2481 748 2541 bracchia
768 2483 875 2540 tollunt

184 2563 221 2619 In
241 2577 407 2629 numerum,
429 2571 605 2636 versantque
625 2562 722 2622 tenaci
741 2561 853 2638 forcipe
873 2564 999 2622 ferrum:
1118 2579 1152 2636 17
1158 2579 1172 2638 5

184 2640 255 2698 Non
274 2637 367 2712 aliter,
388 2638 413 2698 si
433 2659 523 2716 parva
541 2641 610 2700 licet
630 2660 811 2718 componere
831 2643 954 2718 magniS,

184 2717 343 2793 Cecropias
363 2718 482 2778 innatus
503 2738 575 2796 apes
595 2740 678 2780 amor
697 2732 801 2798 urguet
821 2721 960 2793 habendi,

184 2801 312 2858 Munere
331 2817 481 2875 quamque
501 2818 562 2859 suo.
606 2802 789 2860 Grandaevis
810 2801 920 2877 oppida
940 2819 1026 2860 curae

184 2879 224 2936 Et
243 2876 358 2936 munire
378 2880 460 2938 favos
482 2889 511 2938 et
531 2880 657 2939 daedala
676 2881 785 2956 fingere
806 2890 890 2939 tecta

183 2960 224 3016 At
243 2959 338 3015 fessae
358 2958 451 3016 multa
469 2960 598 3018 referunt
619 2977 651 3017 se
670 2971 759 3018 nocte
779 2959 916 3032 minores,
1119 2964 1174 3034 189

184 3037 277 3097 Crura
297 3036 399 3110 thymo
419 3037 544 3110 plenae;
571 3049 733 3111 pascuntur
753 3048 783 3098 et
804 3040 907 3098 arbuta
927 3037 1035 3114 passim

186 3116 224 3172 Et
244 3114 363 3188 glaucas
383 3113 487 3171 salices
507 3114 675 3189 casiamque
695 3135 874 3191 crocumque
894 3118 1050 3177 rubentem

186 3193 224 3248 Et
244 3190 384 3264 pinguem
404 3189 498 3247 tiliam
518 3202 549 3250 et
569 3193 748 3267 ferrugineos
768 3196 950 3270 hyacinthos.

186 3266 334 3326 Omnibus
355 3284 415 3324 una
435 3267 519 3341 quies
539 3286 672 3342 operum,
693 3271 776 3330 labor
796 3273 934 3334 omnibus
954 3294 1050 3336 unus:

187 3347 279 3404 Mane
299 3355 387 3404 ruunt
406 3344 517 3420 portis3
544 3365 690 3422 nusquam
711 3368 812 3424 mora;
838 3371 935 3413 rursus
956 3355 1078 3414 easdem
1122 3363 1174 3436 185
