2494 3702
364 96 737 156 aaonorcorvrra.
760 99 816 154 [ν.
1031 109 1083 166 147

84 239 161 299 Nec
181 259 305 318 magnus
325 240 483 317 prohibere
503 242 604 301 labor:
631 251 663 301 tu
683 241 800 318 regibus
821 243 882 303 alas

84 318 185 396 Eripe
196 342 205 394 ;
232 339 293 380 non
313 320 370 380 illis
392 321 547 398 quisquam
569 323 776 382 cunctantibus
796 324 888 382 altum

84 400 142 458 Ire
163 399 218 458 iter
238 411 288 460 aut
308 401 410 460 castris
429 400 552 461 audebit
572 403 679 461 vellere
701 401 793 478 signa.

84 478 226 538 Invitent
245 480 358 540 croceis
378 482 513 540 halantes
533 481 654 541 floribus
674 481 752 541 horti

84 560 132 617 Et
153 569 253 619 custos
272 563 370 619 furum
389 572 478 637 atque
498 561 597 620 avium
617 581 685 620 curn
705 563 780 622 falce
801 561 912 639 saligna
1030 584 1084 623 110

86 640 330 716 Hellespontiaci
350 652 445 700 servet
466 642 556 700 tutela
577 641 683 717 Priapi.

86 721 166 794 Ipse
186 722 319 796 thymum
339 719 486 797 pinosque
506 722 603 780 ferens
624 723 662 780 de
682 721 834 782 montibus
853 722 919 782 altis

85 801 188 858 Tecta
208 810 284 859 serat
304 801 362 860 late
383 800 501 872 circum,
523 801 570 860 cui
591 803 660 860 talia
680 820 785 876 curae;

87 881 164 955 Ipse
184 881 284 939 labore
304 900 425 939 manum
446 881 521 941 duro
541 890 625 952 terat,
646 881 710 957 ipse
730 883 840 940 feraces

87 959 177 1036 Figat
198 961 290 1019 humo
310 962 425 1036 plantas
446 972 475 1020 et
496 961 608 1020 amicos
628 961 732 1038 inriget
752 961 867 1022 imbres.
1028 979 1080 1038 115

131 1043 232 1117 Atque
252 1039 399 1116 equidem,
422 1052 552 1100 extremo
573 1040 605 1100 ni
624 1041 684 1100 iarn
705 1043 760 1101 sub
781 1043 840 1102 fine
860 1041 994 1101 labomm

86 1122 168 1180 Vela
188 1122 302 1180 traham
323 1131 353 1180 et
373 1121 455 1180 terris
475 1120 612 1180 festinem
633 1122 785 1180 advertere
804 1140 930 1197 proram,

89 1201 228 1260 Forsitan
249 1211 286 1274 et,
308 1199 431 1277 pingues
451 1201 553 1260 hortos
573 1220 651 1277 quae
671 1220 742 1260 cura
762 1201 879 1260 colendi

90 1282 227 1352 Ornaret‚
251 1300 395 1354 canerem,
418 1281 561 1356 biferique
581 1282 690 1340 rosaria
711 1281 818 1353 Paesti,

89 1361 222 1436 Quoque
242 1361 332 1420 modo
352 1360 431 1436 potis
451 1362 613 1437 gauderent
632 1360 727 1420 intiba
747 1361 814 1420 rivis
1026 1384 1081 1421 120

87 1442 131 1499 Et
152 1440 260 1499 virides
281 1440 350 1516 apio
370 1441 460 1517 ripae,
482 1450 636 1516 tortusque
656 1459 710 1516 per
729 1442 850 1501 herbam

86 1521 244 1580 Cresceret
264 1519 295 1578 in
315 1531 447 1580 ventrem
467 1521 600 1580 cucumis
611 1541 620 1593 ;
646 1541 702 1580 nec
723 1541 787 1580 sera
807 1534 975 1582 comantem

87 1599 264 1659 Narcissum
284 1611 334 1659 aut
354 1601 422 1660 flexi
442 1601 600 1661 tacuissem
620 1603 719 1660 vimen
740 1602 858 1661 acanthi

88 1681 300 1755 Pallentesque
320 1681 444 1740 hederas
464 1690 495 1740 et
514 1693 648 1740 amantes
668 1681 753 1741 litora
773 1693 889 1758 myrtos.

87 1760 231 1836 Namque
251 1760 306 1819 sub
327 1759 470 1820 Oebaliae
491 1761 612 1820 memini
632 1780 680 1820 me
700 1760 827 1821 turribus
847 1761 920 1833 altis,
1026 1783 1058 1820 12
1064 1781 1078 1838 5

87 1839 161 1913 Qua
182 1838 263 1916 niger
282 1849 412 1900 umectat
433 1840 570 1900 flaventia
590 1843 669 1900 culta
690 1842 842 1913 Galaesus,

87 1919 251 1995 Corycium
271 1919 380 1980 vidisse
401 1939 510 1994 senem,
534 1920 582 1980 cui
602 1941 698 1998 pauca
717 1921 811 1981 relicti

79 2001 200 2075 iugera
219 1997 291 2058 ruris
312 2010 403 2071 erant,
425 2019 481 2060 nec
501 2000 601 2061 fertilis
621 2002 671 2060 illa
691 2001 822 2060 iuvencis

87 2081 157 2138 Nec
177 2079 277 2154 pecori
296 2091 466 2156 opportuna
485 2099 569 2156 seges
589 2101 646 2141 nec
664 2082 825 2141 commoda
846 2083 972 2154 Baccho,

89 2158 156 2218 Hic
174 2178 270 2217 rarum
292 2171 392 2219 tamen
412 2160 444 2218 in
464 2162 560 2220 dumis
582 2163 647 2220 olus
666 2161 793 2237 albaque
813 2159 923 2220 circum
1025 2183 1081 2237 130

88 2239 168 2297 Lilia
187 2241 388 2315 verbenasque
408 2259 545 2315 premens
565 2259 745 2317 vescumque
765 2259 901 2318 papaver,

87 2321 210 2394 Regum
230 2321 378 2395 aequabat
398 2339 471 2396 opes
492 2321 606 2395 animis,
630 2339 753 2395 seraque
774 2333 922 2381 revertens

88 2399 189 2458 Nocte
209 2400 331 2458 domum
352 2400 481 2476 dapibus
501 2419 618 2460 mensas
639 2403 781 2461 onerabat
800 2400 945 2478 inemptis.

89 2477 207 2537 Primus
227 2498 295 2538 vere
315 2499 412 2539 rosam
434 2491 522 2557 atque
544 2492 687 2540 autumno
708 2500 827 2558 carpere
847 2501 946 2558 poma,

88 2560 129 2617 Et
150 2577 218 2616 cum
238 2559 327 2618 tristis
348 2560 463 2636 hiemps
484 2563 645 2624 etiamnum
665 2561 771 2638 frigore
792 2581 862 2621 saxa
1025 2579 1077 2638 135

89 2641 255 2713 Rumperet
276 2650 305 2698 et
324 2639 418 2715 glacie
438 2659 540 2699 cursus
560 2642 687 2700 frenaret
706 2661 856 2717 aquarum,

89 2718 146 2776 Ille
166 2737 282 2777 comam
303 2719 400 2778 mollis
421 2719 480 2778 iam
501 2722 646 2780 tondebat
666 2720 817 2799 hyacinthi

88 2801 243 2857 Aestatem
263 2797 442 2875 increpitans
463 2819 557 2860 seram
577 2802 778 2877 zephyrosque
799 2812 954 2859 morantes

89 2878 168 2952 Ergo
189 2877 296 2953 apibus
315 2879 382 2938 fetis
402 2879 482 2939 idem
502 2892 591 2957 atque
612 2879 746 2939 examine
767 2880 861 2938 multo

90 2957 205 3016 Primus
226 2959 379 3018 abundare
399 2969 429 3018 et
450 2961 618 3036 spumantia
637 2978 743 3036 cogere
763 2959 869 3035 pressis
1024 2981 1079 3032 140

90 3037 183 3095 Mella
203 3036 295 3106 favis;
319 3037 362 3097 illi
382 3039 462 3098 tiliae
482 3049 572 3116 atque
593 3039 740 3098 uberrima
760 3038 856 3116 pinus,

89 3116 231 3192 Quotque
252 3116 283 3174 in
304 3119 375 3178 flore
396 3137 475 3178 novo
496 3119 594 3195 pomis
615 3138 646 3178 se
666 3122 769 3178 fertilis
789 3122 876 3180 arbos

91 3196 240 3267 Induerat,
262 3197 387 3256 totidem
408 3209 551 3257 autumno
571 3209 686 3258 matura
706 3200 834 3260 tenebat.
853 3211 873 3242 ·'

91 3275 145 3333 Ille
165 3273 255 3336 etiam
276 3294 354 3335 seras
375 3277 406 3335 in
427 3295 542 3336 versum
563 3277 675 3337 distulit
695 3281 791 3337 ulmos

91 3355 280 3431 liduramque
300 3355 398 3432 pirum
419 3367 448 3414 et
470 3357 570 3431 spinos
591 3357 650 3414 iam
671 3375 764 3430 pruna
785 3358 912 3413 ferentes
1024 3372 1077 3426 145

759 3505 815 3638 R
901 3481 994 3519 10—2
