2494 3702
395 109 670 168 GEORGICON
682 109 766 167 ΗΒ.
790 109 835 166 II.

111 237 263 297 Versibus
284 236 444 312 incomptis
465 237 571 295 ludunt
591 237 710 312 risuque
731 239 839 307 solut0,

113 319 243 390 Oraque
263 315 422 375 corticibus
446 327 567 375 sumunt
587 316 734 375 horrenda
753 316 872 390 cavatis,

114 397 163 455 Et
183 405 222 464 te,
245 396 369 466 Bacche,
391 407 499 455 vocant
519 414 571 470 per
591 395 721 454 carmina
741 397 827 466 laeta,
849 393 961 472 tibique

115 475 236 536 Oscilla
258 494 294 534 ex
314 478 374 534 alta
394 476 579 550 suspendunt
598 476 700 534 mollia
719 475 801 550 pinu.

115 555 208 613 Hinc
228 554 325 613 omnis
346 556 426 630 largo
447 553 585 630 pubescit
603 554 691 613 vinea
710 556 780 626 fetu,
1057 575 1115 631 390

115 635 321 709 Complentur
340 637 489 710 vallesque
513 653 603 694 cavae
624 636 773 708 saltusque
794 636 932 711 profundi

116 716 163 774 Et
185 732 374 790 quocumque
394 716 467 774 deus
488 714 599 773 circum
620 725 708 789 caput
728 714 787 792 egit
807 715 973 774 honestum.

117 797 203 871 Ergo
223 793 278 852 rite
299 813 384 852 suum
406 796 524 854 Baccho
545 794 678 854 dicemus
697 794 841 854 honorem

118 873 312 935 Carminibus
325 873 435 950 patriis,
456 877 614 949 lancesque
635 885 665 933 et
685 873 746 932 liba
766 876 903 946 feremus,

119 957 162 1013 Et
184 955 291 1013 ductus
312 972 404 1012 cornu
426 954 515 1013 stabit
535 973 617 1012 sacer
637 952 734 1012 hircus
755 954 794 1012 ad
814 972 904 1024 aram,
1057 969 1112 1030 395

108 1033 305 1110 -Pinguiaque
325 1033 356 1091 in
377 1034 492 1093 veribus
514 1033 688 1093 torrebimus
714 1045 782 1092 exta
803 1033 938 1092 columis

162 1117 219 1172 Est
240 1113 329 1172 etiam
350 1113 398 1172 ille
419 1114 504 1173 labor
523 1113 661 1172 curandis
681 1112 789 1172 vitibus
810 1115 890 1184 alter,

121 1195 180 1254 Cui
201 1212 364 1268 numquam
379 1192 512 1252 exhausti
527 1192 596 1251 satis
616 1202 678 1251 est:
700 1211 828 1268 namque
848 1212 937 1252 omne
955 1191 1115 1269 quotannis

119 1276 242 1349 Terque
264 1284 424 1348 quaterque
444 1275 541 1332 solum
562 1272 760 1332 scindendum
780 1273 942 1350 glaebaque
962 1273 1052 1333 versis

119 1355 287 1412 Aeternum
311 1354 473 1428 frangenda
492 1352 671 1426 bidentibus,
694 1372 790 1411 omne·
804 1354 961 1411 levandum
1056 1371 1115 1423 400

120 1433 243 1491 Fronde
263 1451 376 1492 nemus.
420 1433 512 1494 Redit
532 1432 665 1508 agricolis
686 1434 768 1491 labor
789 1444 872 1491 actus
893 1434 924 1490 in
945 1434 1056 1504 orbern,

119 1516 222 1588 Atque
243 1511 274 1570 in
295 1531 327 1571 se
348 1532 401 1571 sua
420 1531 478 1588 per
492 1513 615 1589 vestigia
634 1513 761 1571 volvitur
780 1527 889 1572 annus:

119 1595 171 1651 Ac
191 1592 250 1650 iarn
271 1592 350 1663 olim,
373 1611 451 1651 seras
472 1595 571 1668 posuit
591 1611 660 1650 cum
679 1592 766 1651 vinea
785 1593 905 1652 frondes
965 1603 969 1610 '

34 1697 51 1714 ·
120 1671 260 1748 Frigidus
281 1682 311 1732 et
332 1672 410 1731 silvis
432 1671 542 1748 Aquilo
562 1671 691 1731 decussit
713 1673 865 1746 honorem,

121 1753 190 1810 Iam
212 1762 274 1810 turn
295 1771 363 1811 acer
384 1770 467 1810 curas
487 1751 656 1812 venientem
679 1751 812 1812 extendit
831 1751 862 1810 in
882 1770 994 1810 annum

121 1830 274 1900 Rusticus,
297 1841 327 1891 et
347 1851 437 1891 curvo
458 1831 575 1891 Saturni
596 1832 686 1891 dente
707 1833 837 1890 relictam

122 1911 314 1986 Persequitur
332 1911 421 1970 vitem
443 1911 601 1971 attondens
622 1911 764 1986 fingitque
784 1913 925 1987 putando

122 1991 242 2051 Primus
264 1991 387 2049 humum
408 1993 511 2063 fodito,
533 1991 644 2066 primus
665 1991 790 2050 devecta
808 2003 940 2050 cremato

122 2075 287 2143 Sarmenta,
309 2082 339 2130 et
358 2072 450 2132 vallos
471 2071 582 2147 primus
603 2073 659 2130 sub
680 2081 758 2130 tecta
777 2072 903 2140 referto;

123 2155 295 2212 Postremus
316 2151 428 2210 metito.
472 2151 521 2209 Bis
540 2151 649 2210 vitibus
669 2149 775 2226 ingruit
796 2150 907 2220 umbra,

123 2230 175 2290 Bis
196 2240 326 2307 segetem
346 2229 445 2290 densis
466 2231 618 2291 obducunt
638 2230 770 2289 sentibus
791 2230 899 2289 herbae
908 2249 917 2302 3

125 2314 226 2370 Durus
243 2321 370 2387 uterque
393 2311 492 2370 labor:
527 2311 648 2369 laudato
667 2308 891 2386 ingenuarum,

124 2391 274 2466 Exiguum
295 2389 392 2450 colito.
437 2393 502 2450 Nec
523 2409 584 2450 non
606 2389 695 2448 etiam
716 2409 820 2465 aspera
840 2390 916 2450 rusci

123 2470 247 2529 Vimina
267 2489 321 2546 per
340 2470 443 2529 silvam
465 2482 495 2530 et
514 2469 585 2546 ripis
606 2468 730 2528 fluvialis
754 2472 888 2530 harundo

70 2596 73 2600 ·
125 2549 276 2622 Caeditur,
298 2549 459 2626 incultique
480 2559 597 2609 exercet
617 2569 687 2608 cura
708 2549 809 2610 salicti.

126 2633 193 2689 Iam
215 2629 331 2689 vinctae
352 2629 435 2702 viteS,
459 2629 518 2688 iam
539 2629 646 2688 falcem
670 2631 788 2689 arbusta
808 2640 963 2706 reponunt,

125 2711 192 2768 Iam
215 2709 294 2768 canit
318 2711 438 2769 effectos
462 2721 609 2768 extremus
632 2709 739 2769 vinitor
760 2719 861 2770 antes:
953 2751 958 2760 ·

125 2789 318 2849 Sollicitanda
342 2801 442 2848 tamen
466 2790 552 2848 tellus
575 2788 729 2865 pulvisque
753 2789 926 2860 movendus,

125 2871 166 2928 Et
190 2869 249 2927 iam
272 2869 390 2927 maturis
411 2870 586 2928 metuendus
609 2869 742 2945 Iuppiter
761 2868 832 2926 uvis

168 2950 280 3009 Contra
301 2967 363 3008 non
386 2950 446 3007 ulla
466 2959 511 3008 est
532 2947 605 3007 oleis
628 2950 759 3006 cultura:
793 2967 890 3023 neque
911 2948 979 3008 illae

36 3035 40 3044 '
126 3030 304 3086 Procurvam
327 3038 485 3103 expectant
508 3029 613 3086 falcem
635 3038 800 3103 rastrosque
824 3039 953 3099 tenaces²

127 3110 205 3168 Cum
230 3109 321 3167 semel
342 3095 498 3166 haeserunt
522 3106 597 3166 arvis
619 3126 762 3182 aurasque
786 3109 931 3178 tulerunt;
1037 3111 1040 3119 '

127 3188 200 3262 Ipsa
220 3186 290 3246 satis
311 3188 406 3259 tellus,
429 3206 497 3245 cum
522 3186 611 3245 dente
635 3188 793 3245 recluditur
817 3206 903 3255 uncO,

127 3265 240 3325 Sufficit
262 3285 395 3325 umorem
418 3277 448 3325 et
471 3265 603 3340 gravidas
626 3285 695 3324 cum
718 3285 837 3325 vomere
861 3267 963 3338 fruges.

129 3347 201 3404 Hoc
222 3345 363 3421 pinguem
386 3355 416 3402 et
439 3344 579 3418 placitam
604 3344 673 3400 Paci
695 3343 821 3399 nutritor
842 3343 958 3398 olivam.
