<?xml version="1.0" encoding="UTF-8"?>
<!DOCTYPE html PUBLIC "-//W3C//DTD XHTML 1.0 Transitional//EN"
    "http://www.w3.org/TR/xhtml1/DTD/xhtml1-transitional.dtd">
<html xmlns="http://www.w3.org/1999/xhtml" xml:lang="en" lang="en">
 <head>
  <title>
</title>
<meta http-equiv="Content-Type" content="text/html;charset=utf-8" />
  <meta name='ocr-system' content='tesseract 3.04.00' />
  <meta name='ocr-capabilities' content='ocr_page ocr_carea ocr_par ocr_line ocrx_word'/>
</head>
<body>
  <div class='ocr_page' id='page_1' title='image "./pvergilimaronis13virggoog/pvergilimaronis13virggoog_0421.png"; bbox 0 0 2442 3686; ppageno 0'>
   <div class='ocr_carea' id='block_1_1' title="bbox 126 81 871 158">
    <p class='ocr_par' dir='ltr' id='par_1_1' title="bbox 126 81 871 158">
     <span class='ocr_line' id='line_1_1' title="bbox 126 81 871 158; baseline -0.004 -14"><span class='ocrx_word' id='word_1_1' title='bbox 126 103 183 158; x_wconf 81' lang='lat'>4¹²</span> <span class='ocrx_word' id='word_1_2' title='bbox 378 83 414 142; x_wconf 89' lang='lat' dir='ltr'>P.</span> <span class='ocrx_word' id='word_1_3' title='bbox 450 82 639 143; x_wconf 85' lang='lat' dir='ltr'><em>VERGILI</em></span> <span class='ocrx_word' id='word_1_4' title='bbox 659 81 871 141; x_wconf 82' lang='lat' dir='ltr'><em>MARONIS</em></span> 
     </span>
    </p>
   </div>
   <div class='ocr_carea' id='block_1_2' title="bbox 124 209 1211 3394">
    <p class='ocr_par' dir='ltr' id='par_1_2' title="bbox 126 209 937 288">
     <span class='ocr_line' id='line_1_2' title="bbox 126 209 937 288; baseline 0.001 -18"><span class='ocrx_word' id='word_1_5' title='bbox 126 209 217 287; x_wconf 89' lang='lat' dir='ltr'>Quod</span> <span class='ocrx_word' id='word_1_6' title='bbox 238 211 341 271; x_wconf 87' lang='lat' dir='ltr'>Venus</span> <span class='ocrx_word' id='word_1_7' title='bbox 361 209 467 270; x_wconf 82' lang='lat' dir='ltr'><strong>audaci</strong></span> <span class='ocrx_word' id='word_1_8' title='bbox 489 211 646 288; x_wconf 82' lang='lat' dir='ltr'>Nymphae</span> <span class='ocrx_word' id='word_1_9' title='bbox 667 209 820 288; x_wconf 84' lang='lat' dir='ltr'>indignata</span> <span class='ocrx_word' id='word_1_10' title='bbox 839 209 937 286; x_wconf 90' lang='lat' dir='ltr'>licere,</span> 
     </span>
    </p>

    <p class='ocr_par' dir='ltr' id='par_1_3' title="bbox 125 290 836 366">
     <span class='ocr_line' id='line_1_3' title="bbox 125 290 836 366; baseline -0.001 -15"><span class='ocrx_word' id='word_1_11' title='bbox 125 291 267 362; x_wconf 83' lang='lat' dir='ltr'>Accessit,</span> <span class='ocrx_word' id='word_1_12' title='bbox 288 291 440 366; x_wconf 89' lang='lat' dir='ltr'>telumque</span> <span class='ocrx_word' id='word_1_13' title='bbox 460 292 520 351; x_wconf 87' lang='lat' dir='ltr'>alta</span> <span class='ocrx_word' id='word_1_14' title='bbox 538 293 577 350; x_wconf 88' lang='lat' dir='ltr'>ab</span> <span class='ocrx_word' id='word_1_15' title='bbox 597 290 696 351; x_wconf 84' lang='lat' dir='ltr'>radice</span> <span class='ocrx_word' id='word_1_16' title='bbox 716 290 836 350; x_wconf 90' lang='lat' dir='ltr'>revellit</span> 
     </span>
    </p>

    <p class='ocr_par' dir='ltr' id='par_1_4' title="bbox 126 369 783 447">
     <span class='ocr_line' id='line_1_4' title="bbox 126 369 783 447; baseline -0.003 -15"><span class='ocrx_word' id='word_1_17' title='bbox 126 370 187 432; x_wconf 91' lang='lat' dir='ltr'>Olli</span> <span class='ocrx_word' id='word_1_18' title='bbox 208 369 357 442; x_wconf 86' lang='lat' dir='ltr'>sublimes,</span> <span class='ocrx_word' id='word_1_19' title='bbox 379 369 467 429; x_wconf 86' lang='lat' dir='ltr'>armis</span> <span class='ocrx_word' id='word_1_20' title='bbox 488 369 654 447; x_wconf 85' lang='lat' dir='ltr'>animisque</span> <span class='ocrx_word' id='word_1_21' title='bbox 674 369 783 441; x_wconf 87' lang='lat' dir='ltr'>relecti,</span> 
     </span>
    </p>

    <p class='ocr_par' dir='ltr' id='par_1_5' title="bbox 127 449 879 526">
     <span class='ocr_line' id='line_1_5' title="bbox 127 449 879 526; baseline -0.003 -16"><span class='ocrx_word' id='word_1_22' title='bbox 127 450 188 510; x_wconf 89' lang='lat' dir='ltr'>Hic</span> <span class='ocrx_word' id='word_1_23' title='bbox 208 449 307 526; x_wconf 89' lang='lat' dir='ltr'>gladio</span> <span class='ocrx_word' id='word_1_24' title='bbox 327 450 428 522; x_wconf 85' lang='lat' dir='ltr'>fidens,</span> <span class='ocrx_word' id='word_1_25' title='bbox 450 449 499 508; x_wconf 94' lang='lat' dir='ltr'>hic</span> <span class='ocrx_word' id='word_1_26' title='bbox 519 469 588 509; x_wconf 90' lang='lat' dir='ltr'>acer</span> <span class='ocrx_word' id='word_1_27' title='bbox 608 461 638 510; x_wconf 93' lang='lat' dir='ltr'>et</span> <span class='ocrx_word' id='word_1_28' title='bbox 657 451 767 509; x_wconf 88' lang='lat' dir='ltr'>arduus</span> <span class='ocrx_word' id='word_1_29' title='bbox 787 452 879 522; x_wconf 90' lang='lat' dir='ltr'>hasta,</span> 
     </span>
    </p>

    <p class='ocr_par' dir='ltr' id='par_1_6' title="bbox 125 529 1126 686">
     <span class='ocr_line' id='line_1_6' title="bbox 125 529 1126 607; baseline -0.001 -17"><span class='ocrx_word' id='word_1_30' title='bbox 125 530 282 590; x_wconf 87' lang='lat' dir='ltr'>Adsistunt</span> <span class='ocrx_word' id='word_1_31' title='bbox 301 540 404 590; x_wconf 88' lang='lat' dir='ltr'>contra</span> <span class='ocrx_word' id='word_1_32' title='bbox 423 529 582 589; x_wconf 87' lang='lat' dir='ltr'>certamine</span> <span class='ocrx_word' id='word_1_33' title='bbox 605 529 709 588; x_wconf 88' lang='lat' dir='ltr'>Martis</span> <span class='ocrx_word' id='word_1_34' title='bbox 729 529 834 588; x_wconf 78' lang='lat' dir='ltr'>anheli</span> <span class='ocrx_word' id='word_1_35' title='bbox 1065 546 1126 607; x_wconf 81' lang='lat'>790</span> 
     </span>
     <span class='ocr_line' id='line_1_7' title="bbox 166 607 905 686; baseline 0 -18"><span class='ocrx_word' id='word_1_36' title='bbox 166 612 313 669; x_wconf 90' lang='lat' dir='ltr'>Iunonem</span> <span class='ocrx_word' id='word_1_37' title='bbox 333 609 443 670; x_wconf 89' lang='lat' dir='ltr'>interea</span> <span class='ocrx_word' id='word_1_38' title='bbox 464 612 530 668; x_wconf 82' lang='lat' dir='ltr'>Rex</span> <span class='ocrx_word' id='word_1_39' title='bbox 550 608 762 685; x_wconf 88' lang='lat' dir='ltr'>omnipotentis</span> <span class='ocrx_word' id='word_1_40' title='bbox 783 607 905 686; x_wconf 90' lang='lat' dir='ltr'>Olympi</span> 
     </span>
    </p>

    <p class='ocr_par' dir='ltr' id='par_1_7' title="bbox 125 689 874 766">
     <span class='ocr_line' id='line_1_8' title="bbox 125 689 874 766; baseline -0.001 -18"><span class='ocrx_word' id='word_1_41' title='bbox 125 689 312 764; x_wconf 82' lang='lat' dir='ltr'>Adloquitur,</span> <span class='ocrx_word' id='word_1_42' title='bbox 334 690 413 748; x_wconf 82' lang='lat' dir='ltr'>fulva</span> <span class='ocrx_word' id='word_1_43' title='bbox 433 708 546 766; x_wconf 87' lang='lat' dir='ltr'>pugnas</span> <span class='ocrx_word' id='word_1_44' title='bbox 567 691 605 748; x_wconf 92' lang='lat' dir='ltr'>de</span> <span class='ocrx_word' id='word_1_45' title='bbox 626 691 706 749; x_wconf 93' lang='lat' dir='ltr'>nube</span> <span class='ocrx_word' id='word_1_46' title='bbox 727 700 859 748; x_wconf 89' lang='lat' dir='ltr'>tuentem</span> <span class='ocrx_word' id='word_1_47' title='bbox 865 711 874 761; x_wconf 91' lang='lat'>;</span> 
     </span>
    </p>

    <p class='ocr_par' dir='ltr' id='par_1_8' title="bbox 127 767 1027 846">
     <span class='ocr_line' id='line_1_9' title="bbox 127 767 1027 846; baseline 0.002 -18"><span class='ocrx_word' id='word_1_48' title='bbox 127 771 231 844; x_wconf 88' lang='lat' dir='ltr'>‘Quae</span> <span class='ocrx_word' id='word_1_49' title='bbox 252 769 310 828; x_wconf 87' lang='lat' dir='ltr'>iam</span> <span class='ocrx_word' id='word_1_50' title='bbox 331 768 397 828; x_wconf 88' lang='lat' dir='ltr'>finis</span> <span class='ocrx_word' id='word_1_51' title='bbox 418 769 480 841; x_wconf 91' lang='lat' dir='ltr'>erit,</span> <span class='ocrx_word' id='word_1_52' title='bbox 501 768 649 828; x_wconf 88' lang='lat' dir='ltr'>coniunx?</span> <span class='ocrx_word' id='word_1_53' title='bbox 669 767 742 846; x_wconf 95' lang='lat' dir='ltr'>quid</span> <span class='ocrx_word' id='word_1_54' title='bbox 762 768 891 844; x_wconf 91' lang='lat' dir='ltr'>denique</span> <span class='ocrx_word' id='word_1_55' title='bbox 911 774 1027 830; x_wconf 67' lang='lat' dir='ltr'>resmt?</span> 
     </span>
    </p>

    <p class='ocr_par' dir='ltr' id='par_1_9' title="bbox 126 848 1150 926">
     <span class='ocr_line' id='line_1_10' title="bbox 126 848 1150 926; baseline -0.001 -19"><span class='ocrx_word' id='word_1_56' title='bbox 126 848 311 924; x_wconf 88' lang='lat' dir='ltr'>‘Indigetem</span> <span class='ocrx_word' id='word_1_57' title='bbox 332 851 455 908; x_wconf 87' lang='lat' dir='ltr'>Aenean</span> <span class='ocrx_word' id='word_1_58' title='bbox 475 848 532 908; x_wconf 88' lang='lat' dir='ltr'>scis</span> <span class='ocrx_word' id='word_1_59' title='bbox 552 849 623 926; x_wconf 88' lang='lat' dir='ltr'>ipsa,</span> <span class='ocrx_word' id='word_1_60' title='bbox 646 859 676 908; x_wconf 89' lang='lat' dir='ltr'>et</span> <span class='ocrx_word' id='word_1_61' title='bbox 697 848 770 909; x_wconf 90' lang='lat' dir='ltr'>scire</span> <span class='ocrx_word' id='word_1_62' title='bbox 790 848 896 923; x_wconf 85' lang='lat' dir='ltr'>fateris,</span> <span class='ocrx_word' id='word_1_63' title='bbox 1147 907 1150 916; x_wconf 81' lang='grc'>,</span> 
     </span>
    </p>

    <p class='ocr_par' dir='ltr' id='par_1_10' title="bbox 126 927 1123 1009">
     <span class='ocr_line' id='line_1_11' title="bbox 126 927 1123 1009; baseline 0 -21"><span class='ocrx_word' id='word_1_64' title='bbox 126 928 256 988; x_wconf 86' lang='lat' dir='ltr'>‘Deberi</span> <span class='ocrx_word' id='word_1_65' title='bbox 277 931 370 1001; x_wconf 89' lang='lat' dir='ltr'>caelo,</span> <span class='ocrx_word' id='word_1_66' title='bbox 392 928 518 1004; x_wconf 85' lang='lat' dir='ltr'>fatisque</span> <span class='ocrx_word' id='word_1_67' title='bbox 538 930 577 987; x_wconf 88' lang='lat' dir='ltr'>ad</span> <span class='ocrx_word' id='word_1_68' title='bbox 598 928 693 988; x_wconf 86' lang='lat' dir='ltr'>sidera</span> <span class='ocrx_word' id='word_1_69' title='bbox 714 927 784 988; x_wconf 81' lang='lat' dir='ltr'>tolli</span> <span class='ocrx_word' id='word_1_70' title='bbox 1065 949 1123 1009; x_wconf 78' lang='lat'>795</span> 
     </span>
    </p>

    <p class='ocr_par' dir='ltr' id='par_1_11' title="bbox 126 1007 1047 1085">
     <span class='ocr_line' id='line_1_12' title="bbox 126 1007 1047 1085; baseline 0.003 -18"><span class='ocrx_word' id='word_1_71' title='bbox 126 1009 228 1083; x_wconf 84' lang='lat' dir='ltr'>‘Quid</span> <span class='ocrx_word' id='word_1_72' title='bbox 248 1007 353 1068; x_wconf 87' lang='lat' dir='ltr'>struis?</span> <span class='ocrx_word' id='word_1_73' title='bbox 372 1020 424 1068; x_wconf 87' lang='lat' dir='ltr'>aut</span> <span class='ocrx_word' id='word_1_74' title='bbox 443 1027 504 1084; x_wconf 89' lang='lat' dir='ltr'>qua</span> <span class='ocrx_word' id='word_1_75' title='bbox 524 1027 577 1084; x_wconf 91' lang='lat' dir='ltr'>spe</span> <span class='ocrx_word' id='word_1_76' title='bbox 596 1009 701 1085; x_wconf 88' lang='lat' dir='ltr'>gelidis</span> <span class='ocrx_word' id='word_1_77' title='bbox 721 1008 752 1067; x_wconf 92' lang='lat' dir='ltr'>in</span> <span class='ocrx_word' id='word_1_78' title='bbox 774 1007 903 1068; x_wconf 90' lang='lat' dir='ltr'>nubibus</span> <span class='ocrx_word' id='word_1_79' title='bbox 923 1009 1047 1070; x_wconf 83' lang='lat' dir='ltr'>haeres?</span> 
     </span>
    </p>

    <p class='ocr_par' dir='ltr' id='par_1_12' title="bbox 127 1087 818 1148">
     <span class='ocr_line' id='line_1_13' title="bbox 127 1087 818 1148; baseline -0.001 0"><span class='ocrx_word' id='word_1_80' title='bbox 127 1088 296 1148; x_wconf 85' lang='lat' dir='ltr'>‘Mortalin’</span> <span class='ocrx_word' id='word_1_81' title='bbox 316 1088 417 1147; x_wconf 84' lang='lat' dir='ltr'>decuit</span> <span class='ocrx_word' id='word_1_82' title='bbox 437 1087 539 1148; x_wconf 87' lang='lat' dir='ltr'>violari</span> <span class='ocrx_word' id='word_1_83' title='bbox 559 1091 678 1148; x_wconf 89' lang='lat' dir='ltr'>volnere</span> <span class='ocrx_word' id='word_1_84' title='bbox 699 1087 818 1147; x_wconf 82' lang='lat' dir='ltr'>divum?</span> 
     </span>
    </p>

    <p class='ocr_par' dir='ltr' id='par_1_13' title="bbox 126 1167 1010 1244">
     <span class='ocr_line' id='line_1_14' title="bbox 126 1167 1010 1244; baseline 0.002 -17"><span class='ocrx_word' id='word_1_85' title='bbox 126 1171 206 1227; x_wconf 88' lang='lat' dir='ltr'>‘Aut</span> <span class='ocrx_word' id='word_1_86' title='bbox 227 1167 441 1244; x_wconf 82' lang='lat' dir='ltr'>ensem-quid</span> <span class='ocrx_word' id='word_1_87' title='bbox 462 1167 541 1228; x_wconf 89' lang='lat' dir='ltr'>enim</span> <span class='ocrx_word' id='word_1_88' title='bbox 562 1167 625 1228; x_wconf 89' lang='lat' dir='ltr'>sine</span> <span class='ocrx_word' id='word_1_89' title='bbox 645 1179 675 1228; x_wconf 93' lang='lat' dir='ltr'>te</span> <span class='ocrx_word' id='word_1_90' title='bbox 696 1170 820 1228; x_wconf 85' lang='lat' dir='ltr'>Iuturna</span> <span class='ocrx_word' id='word_1_91' title='bbox 840 1169 1010 1229; x_wconf 84' lang='lat' dir='ltr'>valeret?-</span> 
     </span>
    </p>

    <p class='ocr_par' dir='ltr' id='par_1_14' title="bbox 126 1248 1211 1325">
     <span class='ocr_line' id='line_1_15' title="bbox 126 1248 1211 1325; baseline 0 -17"><span class='ocrx_word' id='word_1_92' title='bbox 126 1250 289 1325; x_wconf 89' lang='lat' dir='ltr'>‘Ereptum</span> <span class='ocrx_word' id='word_1_93' title='bbox 309 1249 393 1308; x_wconf 89' lang='lat' dir='ltr'>reddi</span> <span class='ocrx_word' id='word_1_94' title='bbox 413 1249 524 1315; x_wconf 90' lang='lat' dir='ltr'>Turno,</span> <span class='ocrx_word' id='word_1_95' title='bbox 546 1258 576 1307; x_wconf 91' lang='lat' dir='ltr'>et</span> <span class='ocrx_word' id='word_1_96' title='bbox 595 1248 655 1308; x_wconf 89' lang='lat' dir='ltr'>vim</span> <span class='ocrx_word' id='word_1_97' title='bbox 675 1267 807 1307; x_wconf 90' lang='lat' dir='ltr'>crescere</span> <span class='ocrx_word' id='word_1_98' title='bbox 827 1249 928 1308; x_wconf 85' lang='lat' dir='ltr'>victis?</span> <span class='ocrx_word' id='word_1_99' title='bbox 1210 1319 1211 1322; x_wconf 7' lang='grc' dir='ltr'><strong>Ἴ</strong></span> 
     </span>
    </p>

    <p class='ocr_par' dir='ltr' id='par_1_15' title="bbox 125 1327 1211 1406">
     <span class='ocr_line' id='line_1_16' title="bbox 125 1327 1211 1406; baseline 0.002 -19"><span class='ocrx_word' id='word_1_100' title='bbox 125 1329 258 1389; x_wconf 86' lang='lat' dir='ltr'>‘Desine</span> <span class='ocrx_word' id='word_1_101' title='bbox 278 1327 336 1387; x_wconf 91' lang='lat' dir='ltr'>iam</span> <span class='ocrx_word' id='word_1_102' title='bbox 357 1329 487 1401; x_wconf 86' lang='lat' dir='ltr'>tandem,</span> <span class='ocrx_word' id='word_1_103' title='bbox 508 1327 704 1404; x_wconf 90' lang='lat' dir='ltr'>precibusque</span> <span class='ocrx_word' id='word_1_104' title='bbox 725 1327 873 1388; x_wconf 88' lang='lat' dir='ltr'>inflectere</span> <span class='ocrx_word' id='word_1_105' title='bbox 895 1328 1018 1406; x_wconf 84' lang='lat' dir='ltr'>nostris;</span> <span class='ocrx_word' id='word_1_106' title='bbox 1061 1333 1122 1389; x_wconf 85' lang='lat'>800</span> <span class='ocrx_word' id='word_1_107' title='bbox 1210 1377 1211 1396; x_wconf 67' lang='lat'>,</span> 
     </span>
    </p>

    <p class='ocr_par' dir='ltr' id='par_1_16' title="bbox 127 1407 969 1480">
     <span class='ocr_line' id='line_1_17' title="bbox 127 1407 969 1480; baseline 0.001 -13"><span class='ocrx_word' id='word_1_108' title='bbox 127 1411 261 1468; x_wconf 88' lang='lat' dir='ltr'>‘Necte</span> <span class='ocrx_word' id='word_1_109' title='bbox 282 1419 381 1467; x_wconf 91' lang='lat' dir='ltr'>tantus</span> <span class='ocrx_word' id='word_1_110' title='bbox 402 1407 463 1468; x_wconf 91' lang='lat' dir='ltr'>edit</span> <span class='ocrx_word' id='word_1_111' title='bbox 483 1408 603 1467; x_wconf 86' lang='lat' dir='ltr'>tacitam</span> <span class='ocrx_word' id='word_1_112' title='bbox 624 1409 717 1480; x_wconf 92' lang='lat' dir='ltr'>dolor,</span> <span class='ocrx_word' id='word_1_113' title='bbox 740 1408 862 1468; x_wconf 90' lang='lat' dir='ltr'>etmihi</span> <span class='ocrx_word' id='word_1_114' title='bbox 883 1428 969 1468; x_wconf 88' lang='lat' dir='ltr'>curae</span> 
     </span>
    </p>

    <p class='ocr_par' dir='ltr' id='par_1_17' title="bbox 127 1487 1211 1564">
     <span class='ocr_line' id='line_1_18' title="bbox 127 1487 1211 1564; baseline 0.001 -16"><span class='ocrx_word' id='word_1_115' title='bbox 127 1490 239 1564; x_wconf 89' lang='lat' dir='ltr'>‘Saepe</span> <span class='ocrx_word' id='word_1_116' title='bbox 259 1498 312 1548; x_wconf 93' lang='lat' dir='ltr'>tuo</span> <span class='ocrx_word' id='word_1_117' title='bbox 333 1487 413 1546; x_wconf 91' lang='lat' dir='ltr'>dulci</span> <span class='ocrx_word' id='word_1_118' title='bbox 433 1487 529 1548; x_wconf 86' lang='lat' dir='ltr'>tristes</span> <span class='ocrx_word' id='word_1_119' title='bbox 550 1507 587 1547; x_wconf 85' lang='lat' dir='ltr'>ex</span> <span class='ocrx_word' id='word_1_120' title='bbox 607 1507 658 1548; x_wconf 91' lang='lat' dir='ltr'>ore</span> <span class='ocrx_word' id='word_1_121' title='bbox 678 1499 835 1548; x_wconf 86' lang='lat' dir='ltr'>recursent</span> <span class='ocrx_word' id='word_1_122' title='bbox 1210 1537 1211 1540; x_wconf 63' lang='lat'>,</span> 
     </span>
    </p>

    <p class='ocr_par' dir='ltr' id='par_1_18' title="bbox 126 1547 1211 1696">
     <span class='ocr_line' id='line_1_19' title="bbox 126 1567 1048 1643; baseline 0.005 -18"><span class='ocrx_word' id='word_1_123' title='bbox 126 1570 276 1626; x_wconf 90' lang='lat' dir='ltr'>‘Ventum</span> <span class='ocrx_word' id='word_1_124' title='bbox 296 1569 336 1627; x_wconf 92' lang='lat' dir='ltr'>ad</span> <span class='ocrx_word' id='word_1_125' title='bbox 356 1587 526 1643; x_wconf 90' lang='lat' dir='ltr'>supremum</span> <span class='ocrx_word' id='word_1_126' title='bbox 547 1578 601 1627; x_wconf 90' lang='lat' dir='ltr'>est.</span> <span class='ocrx_word' id='word_1_127' title='bbox 642 1568 740 1627; x_wconf 89' lang='lat' dir='ltr'>Terris</span> <span class='ocrx_word' id='word_1_128' title='bbox 761 1567 870 1643; x_wconf 89' lang='lat' dir='ltr'>agitare</span> <span class='ocrx_word' id='word_1_129' title='bbox 890 1570 937 1628; x_wconf 89' lang='lat' dir='ltr'>vel</span> <span class='ocrx_word' id='word_1_130' title='bbox 959 1570 1048 1630; x_wconf 89' lang='lat' dir='ltr'>undis</span> 
     </span>
    </p>

    <p class='ocr_par' dir='ltr' id='par_1_19' title="bbox 127 1646 934 1723">
     <span class='ocr_line' id='line_1_20' title="bbox 127 1646 934 1723; baseline 0 -17"><span class='ocrx_word' id='word_1_131' title='bbox 127 1646 289 1707; x_wconf 88' lang='lat' dir='ltr'>‘Troianos</span> <span class='ocrx_word' id='word_1_132' title='bbox 309 1648 437 1723; x_wconf 88' lang='lat' dir='ltr'>potuisti,</span> <span class='ocrx_word' id='word_1_133' title='bbox 459 1647 613 1707; x_wconf 87' lang='lat' dir='ltr'>infandum</span> <span class='ocrx_word' id='word_1_134' title='bbox 633 1649 795 1707; x_wconf 82' lang='lat' dir='ltr'>accendere</span> <span class='ocrx_word' id='word_1_135' title='bbox 815 1649 934 1721; x_wconf 90' lang='lat' dir='ltr'>bellum,</span> 
     </span>
    </p>

    <p class='ocr_par' dir='ltr' id='par_1_20' title="bbox 126 1727 1211 1806">
     <span class='ocr_line' id='line_1_21' title="bbox 126 1727 1211 1806; baseline 0.006 -21"><span class='ocrx_word' id='word_1_136' title='bbox 126 1727 317 1787; x_wconf 84' lang='lat' dir='ltr'>‘Deformare</span> <span class='ocrx_word' id='word_1_137' title='bbox 338 1727 470 1800; x_wconf 86' lang='lat' dir='ltr'>domurn,</span> <span class='ocrx_word' id='word_1_138' title='bbox 493 1739 523 1787; x_wconf 89' lang='lat' dir='ltr'>et</span> <span class='ocrx_word' id='word_1_139' title='bbox 542 1730 624 1786; x_wconf 90' lang='lat' dir='ltr'>luctu</span> <span class='ocrx_word' id='word_1_140' title='bbox 645 1728 767 1788; x_wconf 91' lang='lat' dir='ltr'>miscere</span> <span class='ocrx_word' id='word_1_141' title='bbox 788 1729 982 1804; x_wconf 86' lang='lat' dir='ltr'>hymenaeos:</span> <span class='ocrx_word' id='word_1_142' title='bbox 1058 1732 1116 1806; x_wconf 80' lang='lat'>805</span> <span class='ocrx_word' id='word_1_143' title='bbox 1210 1789 1211 1792; x_wconf 74' lang='grc'>,</span> 
     </span>
    </p>

    <p class='ocr_par' dir='ltr' id='par_1_21' title="bbox 126 1805 1211 1885">
     <span class='ocr_line' id='line_1_22' title="bbox 126 1805 1211 1885; baseline -0.001 -18"><span class='ocrx_word' id='word_1_144' title='bbox 126 1805 276 1867; x_wconf 86' lang='lat' dir='ltr'>‘Ulterius</span> <span class='ocrx_word' id='word_1_145' title='bbox 296 1817 439 1884; x_wconf 89' lang='lat' dir='ltr'>temptare</span> <span class='ocrx_word' id='word_1_146' title='bbox 459 1809 545 1866; x_wconf 88' lang='lat' dir='ltr'>veto&#39;</span> <span class='ocrx_word' id='word_1_147' title='bbox 585 1807 633 1867; x_wconf 92' lang='lat' dir='ltr'>Sic</span> <span class='ocrx_word' id='word_1_148' title='bbox 654 1808 787 1885; x_wconf 90' lang='lat' dir='ltr'>Iuppiter</span> <span class='ocrx_word' id='word_1_149' title='bbox 807 1826 889 1867; x_wconf 90' lang='lat' dir='ltr'>orsus</span> <span class='ocrx_word' id='word_1_150' title='bbox 893 1830 903 1883; x_wconf 80' lang='lat'>3</span> <span class='ocrx_word' id='word_1_151' title='bbox 1210 1807 1211 1822; x_wconf 60' lang='lat'><em>*</em></span> 
     </span>
    </p>

    <p class='ocr_par' dir='ltr' id='par_1_22' title="bbox 125 1885 809 1947">
     <span class='ocr_line' id='line_1_23' title="bbox 125 1885 809 1947; baseline 0 0"><span class='ocrx_word' id='word_1_152' title='bbox 125 1885 173 1947; x_wconf 91' lang='lat' dir='ltr'>Sic</span> <span class='ocrx_word' id='word_1_153' title='bbox 193 1888 250 1946; x_wconf 90' lang='lat' dir='ltr'>dea</span> <span class='ocrx_word' id='word_1_154' title='bbox 270 1889 417 1946; x_wconf 90' lang='lat' dir='ltr'>submisso</span> <span class='ocrx_word' id='word_1_155' title='bbox 437 1897 540 1946; x_wconf 89' lang='lat' dir='ltr'>contra</span> <span class='ocrx_word' id='word_1_156' title='bbox 560 1887 695 1947; x_wconf 89' lang='lat' dir='ltr'>Saturnia</span> <span class='ocrx_word' id='word_1_157' title='bbox 715 1889 809 1947; x_wconf 92' lang='lat' dir='ltr'>voltu:</span> 
     </span>
    </p>

    <p class='ocr_par' dir='ltr' id='par_1_23' title="bbox 126 1965 1005 2044">
     <span class='ocr_line' id='line_1_24' title="bbox 126 1965 1005 2044; baseline 0.005 -20"><span class='ocrx_word' id='word_1_158' title='bbox 126 1968 207 2026; x_wconf 87' lang='lat' dir='ltr'>‘Ista</span> <span class='ocrx_word' id='word_1_159' title='bbox 227 1965 347 2043; x_wconf 89' lang='lat' dir='ltr'>quidem</span> <span class='ocrx_word' id='word_1_160' title='bbox 368 1967 438 2043; x_wconf 88' lang='lat' dir='ltr'>quia</span> <span class='ocrx_word' id='word_1_161' title='bbox 458 1978 530 2026; x_wconf 90' lang='lat' dir='ltr'>nota</span> <span class='ocrx_word' id='word_1_162' title='bbox 549 1966 622 2025; x_wconf 92' lang='lat' dir='ltr'>mihi</span> <span class='ocrx_word' id='word_1_163' title='bbox 643 1978 701 2040; x_wconf 93' lang='lat' dir='ltr'>tua,</span> <span class='ocrx_word' id='word_1_164' title='bbox 723 1987 838 2044; x_wconf 83' lang='lat' dir='ltr'>magne,</span> <span class='ocrx_word' id='word_1_165' title='bbox 861 1967 1005 2042; x_wconf 83' lang='lat' dir='ltr'>voluntas,</span> 
     </span>
    </p>

    <p class='ocr_par' dir='ltr' id='par_1_24' title="bbox 126 2046 1211 2123">
     <span class='ocr_line' id='line_1_25' title="bbox 126 2046 1211 2123; baseline 0 -18"><span class='ocrx_word' id='word_1_166' title='bbox 126 2047 286 2122; x_wconf 90' lang='lat' dir='ltr'>‘Iuppiter,</span> <span class='ocrx_word' id='word_1_167' title='bbox 309 2057 338 2106; x_wconf 91' lang='lat' dir='ltr'>et</span> <span class='ocrx_word' id='word_1_168' title='bbox 357 2050 492 2106; x_wconf 85' lang='lat' dir='ltr'>Turnum</span> <span class='ocrx_word' id='word_1_169' title='bbox 514 2057 544 2106; x_wconf 93' lang='lat' dir='ltr'>et</span> <span class='ocrx_word' id='word_1_170' title='bbox 564 2057 654 2106; x_wconf 86' lang='lat' dir='ltr'>terras</span> <span class='ocrx_word' id='word_1_171' title='bbox 673 2047 766 2106; x_wconf 89' lang='lat' dir='ltr'>iuvita</span> <span class='ocrx_word' id='word_1_172' title='bbox 786 2046 903 2123; x_wconf 84' lang='lat' dir='ltr'>reliqui3</span> <span class='ocrx_word' id='word_1_173' title='bbox 1210 2087 1211 2116; x_wconf 68' lang='lat'>,</span> 
     </span>
    </p>

    <p class='ocr_par' dir='ltr' id='par_1_25' title="bbox 126 2119 1211 2210">
     <span class='ocr_line' id='line_1_26' title="bbox 126 2119 1211 2210; baseline 0 -23"><span class='ocrx_word' id='word_1_174' title='bbox 126 2128 211 2187; x_wconf 89' lang='lat' dir='ltr'>‘Nec</span> <span class='ocrx_word' id='word_1_175' title='bbox 232 2137 264 2186; x_wconf 88' lang='lat' dir='ltr'>tu</span> <span class='ocrx_word' id='word_1_176' title='bbox 285 2146 333 2186; x_wconf 89' lang='lat' dir='ltr'>me</span> <span class='ocrx_word' id='word_1_177' title='bbox 354 2126 432 2187; x_wconf 90' lang='lat' dir='ltr'>aeria</span> <span class='ocrx_word' id='word_1_178' title='bbox 452 2129 545 2186; x_wconf 91' lang='lat' dir='ltr'>solam</span> <span class='ocrx_word' id='word_1_179' title='bbox 567 2146 647 2186; x_wconf 89' lang='lat' dir='ltr'>nuuc</span> <span class='ocrx_word' id='word_1_180' title='bbox 667 2128 738 2186; x_wconf 90' lang='lat' dir='ltr'>sede</span> <span class='ocrx_word' id='word_1_181' title='bbox 758 2125 871 2187; x_wconf 87' lang='lat' dir='ltr'>videres</span> <span class='ocrx_word' id='word_1_182' title='bbox 1056 2130 1118 2188; x_wconf 85' lang='lat'>810</span> <span class='ocrx_word' id='word_1_183' title='bbox 1210 2119 1211 2210; x_wconf 77' lang='lat' dir='ltr'>l</span> 
     </span>
    </p>

    <p class='ocr_par' dir='ltr' id='par_1_26' title="bbox 126 2205 976 2283">
     <span class='ocr_line' id='line_1_27' title="bbox 126 2205 976 2283; baseline -0.001 -17"><span class='ocrx_word' id='word_1_184' title='bbox 126 2207 244 2282; x_wconf 89' lang='lat' dir='ltr'>‘Digna</span> <span class='ocrx_word' id='word_1_185' title='bbox 263 2205 385 2282; x_wconf 88' lang='lat' dir='ltr'>indigna</span> <span class='ocrx_word' id='word_1_186' title='bbox 405 2206 474 2283; x_wconf 92' lang='lat' dir='ltr'>pati,</span> <span class='ocrx_word' id='word_1_187' title='bbox 497 2208 550 2266; x_wconf 89' lang='lat' dir='ltr'>sed</span> <span class='ocrx_word' id='word_1_188' title='bbox 571 2207 697 2266; x_wconf 89' lang='lat' dir='ltr'>flammis</span> <span class='ocrx_word' id='word_1_189' title='bbox 718 2206 815 2266; x_wconf 91' lang='lat' dir='ltr'>cincta</span> <span class='ocrx_word' id='word_1_190' title='bbox 835 2209 892 2266; x_wconf 91' lang='lat' dir='ltr'>sub</span> <span class='ocrx_word' id='word_1_191' title='bbox 912 2205 976 2282; x_wconf 91' lang='lat' dir='ltr'>ipsa</span> 
     </span>
    </p>

    <p class='ocr_par' dir='ltr' id='par_1_27' title="bbox 126 2285 1107 2363">
     <span class='ocr_line' id='line_1_28' title="bbox 126 2285 1107 2363; baseline -0.001 -16"><span class='ocrx_word' id='word_1_192' title='bbox 126 2289 256 2347; x_wconf 88' lang='lat' dir='ltr'>‘Starem</span> <span class='ocrx_word' id='word_1_193' title='bbox 277 2287 341 2346; x_wconf 91' lang='lat' dir='ltr'>acie</span> <span class='ocrx_word' id='word_1_194' title='bbox 361 2288 565 2363; x_wconf 87' lang='lat' dir='ltr'>traheremque</span> <span class='ocrx_word' id='word_1_195' title='bbox 585 2285 704 2345; x_wconf 92' lang='lat' dir='ltr'>inimica</span> <span class='ocrx_word' id='word_1_196' title='bbox 724 2285 754 2344; x_wconf 92' lang='lat' dir='ltr'>in</span> <span class='ocrx_word' id='word_1_197' title='bbox 768 2286 886 2363; x_wconf 90' lang='lat' dir='ltr'>proelia</span> <span class='ocrx_word' id='word_1_198' title='bbox 904 2289 1047 2347; x_wconf 85' lang='lat' dir='ltr'>Teucros.</span> <span class='ocrx_word' id='word_1_199' title='bbox 1104 2303 1107 2306; x_wconf 83' lang='lat'>·</span> 
     </span>
    </p>

    <p class='ocr_par' dir='ltr' id='par_1_28' title="bbox 126 2365 1211 2452">
     <span class='ocr_line' id='line_1_29' title="bbox 126 2365 1211 2452; baseline -0.001 -28"><span class='ocrx_word' id='word_1_200' title='bbox 126 2369 299 2426; x_wconf 89' lang='lat' dir='ltr'>‘Iuturnam</span> <span class='ocrx_word' id='word_1_201' title='bbox 321 2367 435 2440; x_wconf 90' lang='lat' dir='ltr'>misero,</span> <span class='ocrx_word' id='word_1_202' title='bbox 457 2369 558 2437; x_wconf 82' lang='lat' dir='ltr'>fateor,</span> <span class='ocrx_word' id='word_1_203' title='bbox 580 2385 747 2426; x_wconf 89' lang='lat' dir='ltr'>succurrere</span> <span class='ocrx_word' id='word_1_204' title='bbox 767 2365 847 2424; x_wconf 86' lang='lat' dir='ltr'>fratri</span> <span class='ocrx_word' id='word_1_205' title='bbox 1210 2379 1211 2452; x_wconf 52' lang='lat' dir='ltr'>q</span> 
     </span>
    </p>

    <p class='ocr_par' dir='ltr' id='par_1_29' title="bbox 126 2445 1211 2523">
     <span class='ocr_line' id='line_1_30' title="bbox 126 2445 1211 2523; baseline -0.006 -17"><span class='ocrx_word' id='word_1_206' title='bbox 126 2445 236 2517; x_wconf 74' lang='lat' dir='ltr'>‘Suasi</span> <span class='ocrx_word' id='word_1_207' title='bbox 258 2457 288 2506; x_wconf 90' lang='lat' dir='ltr'>et</span> <span class='ocrx_word' id='word_1_208' title='bbox 308 2465 362 2523; x_wconf 91' lang='lat' dir='ltr'>pro</span> <span class='ocrx_word' id='word_1_209' title='bbox 382 2445 442 2505; x_wconf 88' lang='lat' dir='ltr'>vita</span> <span class='ocrx_word' id='word_1_210' title='bbox 462 2447 573 2505; x_wconf 87' lang='lat' dir='ltr'>maiora</span> <span class='ocrx_word' id='word_1_211' title='bbox 592 2447 702 2506; x_wconf 88' lang='lat' dir='ltr'>audere</span> <span class='ocrx_word' id='word_1_212' title='bbox 722 2446 857 2522; x_wconf 82' lang='lat' dir='ltr'>probavi3</span> <span class='ocrx_word' id='word_1_213' title='bbox 1210 2455 1211 2500; x_wconf 71' lang='lat' dir='ltr'>l</span> 
     </span>
    </p>

    <p class='ocr_par' dir='ltr' id='par_1_30' title="bbox 125 2519 1211 2603">
     <span class='ocr_line' id='line_1_31' title="bbox 125 2519 1211 2603; baseline 0.002 -17"><span class='ocrx_word' id='word_1_214' title='bbox 125 2529 216 2586; x_wconf 89' lang='lat' dir='ltr'>‘Non</span> <span class='ocrx_word' id='word_1_215' title='bbox 237 2536 270 2585; x_wconf 87' lang='lat' dir='ltr'>ut</span> <span class='ocrx_word' id='word_1_216' title='bbox 290 2528 350 2585; x_wconf 90' lang='lat' dir='ltr'>tela</span> <span class='ocrx_word' id='word_1_217' title='bbox 370 2537 478 2599; x_wconf 87' lang='lat' dir='ltr'>tamen,</span> <span class='ocrx_word' id='word_1_218' title='bbox 499 2545 562 2585; x_wconf 90' lang='lat' dir='ltr'>non</span> <span class='ocrx_word' id='word_1_219' title='bbox 582 2535 615 2584; x_wconf 93' lang='lat' dir='ltr'>ut</span> <span class='ocrx_word' id='word_1_220' title='bbox 635 2527 828 2586; x_wconf 89' lang='lat' dir='ltr'>contenderet</span> <span class='ocrx_word' id='word_1_221' title='bbox 847 2544 963 2600; x_wconf 84' lang='lat' dir='ltr'>arcum;</span> <span class='ocrx_word' id='word_1_222' title='bbox 1057 2527 1114 2603; x_wconf 83' lang='lat'>815</span> <span class='ocrx_word' id='word_1_223' title='bbox 1210 2519 1211 2588; x_wconf 87' lang='lat' dir='ltr'>l</span> 
     </span>
    </p>

    <p class='ocr_par' dir='ltr' id='par_1_31' title="bbox 125 2605 794 2683">
     <span class='ocr_line' id='line_1_32' title="bbox 125 2605 794 2683; baseline -0.001 -18"><span class='ocrx_word' id='word_1_224' title='bbox 125 2606 258 2665; x_wconf 85' lang='lat' dir='ltr'>‘Adiuro</span> <span class='ocrx_word' id='word_1_225' title='bbox 279 2605 369 2682; x_wconf 88' lang='lat' dir='ltr'>Stygii</span> <span class='ocrx_word' id='word_1_226' title='bbox 390 2616 480 2683; x_wconf 88' lang='lat' dir='ltr'>caput</span> <span class='ocrx_word' id='word_1_227' title='bbox 500 2605 676 2682; x_wconf 89' lang='lat' dir='ltr'>inplacabile</span> <span class='ocrx_word' id='word_1_228' title='bbox 697 2605 794 2677; x_wconf 86' lang='lat' dir='ltr'>fontis,</span> 
     </span>
    </p>

    <p class='ocr_par' dir='ltr' id='par_1_32' title="bbox 125 2684 873 2763">
     <span class='ocr_line' id='line_1_33' title="bbox 125 2684 873 2763; baseline -0.003 -17"><span class='ocrx_word' id='word_1_229' title='bbox 125 2691 134 2720; x_wconf 96' lang='lat'>‘</span> <span class='ocrx_word' id='word_1_230' title='bbox 145 2688 216 2746; x_wconf 86' lang='lat' dir='ltr'>Una</span> <span class='ocrx_word' id='word_1_231' title='bbox 236 2685 403 2763; x_wconf 89' lang='lat' dir='ltr'>superstitio</span> <span class='ocrx_word' id='word_1_232' title='bbox 425 2685 536 2762; x_wconf 85' lang='lat' dir='ltr'>superis</span> <span class='ocrx_word' id='word_1_233' title='bbox 557 2704 634 2761; x_wconf 91' lang='lat' dir='ltr'>quae</span> <span class='ocrx_word' id='word_1_234' title='bbox 654 2685 771 2746; x_wconf 88' lang='lat' dir='ltr'>reddita</span> <span class='ocrx_word' id='word_1_235' title='bbox 790 2684 873 2744; x_wconf 89' lang='lat' dir='ltr'>divis.</span> 
     </span>
    </p>

    <p class='ocr_par' dir='ltr' id='par_1_33' title="bbox 126 2763 1013 2842">
     <span class='ocr_line' id='line_1_34' title="bbox 126 2763 1013 2842; baseline -0.001 -16"><span class='ocrx_word' id='word_1_236' title='bbox 126 2770 184 2826; x_wconf 92' lang='lat' dir='ltr'>‘Et</span> <span class='ocrx_word' id='word_1_237' title='bbox 203 2785 284 2824; x_wconf 90' lang='lat' dir='ltr'>nunc</span> <span class='ocrx_word' id='word_1_238' title='bbox 304 2766 380 2826; x_wconf 90' lang='lat' dir='ltr'>cedo</span> <span class='ocrx_word' id='word_1_239' title='bbox 401 2767 548 2842; x_wconf 88' lang='lat' dir='ltr'>equidem,</span> <span class='ocrx_word' id='word_1_240' title='bbox 570 2783 742 2840; x_wconf 78' lang='lat' dir='ltr'>pugnasque</span> <span class='ocrx_word' id='word_1_241' title='bbox 763 2784 853 2825; x_wconf 88' lang='lat' dir='ltr'>exosa</span> <span class='ocrx_word' id='word_1_242' title='bbox 871 2763 1013 2841; x_wconf 91' lang='lat' dir='ltr'>relinquo.</span> 
     </span>
    </p>

    <p class='ocr_par' dir='ltr' id='par_1_34' title="bbox 126 2845 789 2920">
     <span class='ocr_line' id='line_1_35' title="bbox 126 2845 789 2920; baseline 0.002 -17"><span class='ocrx_word' id='word_1_243' title='bbox 126 2847 224 2904; x_wconf 87' lang='lat' dir='ltr'>‘Illud</span> <span class='ocrx_word' id='word_1_244' title='bbox 245 2856 283 2919; x_wconf 89' lang='lat' dir='ltr'>te,</span> <span class='ocrx_word' id='word_1_245' title='bbox 305 2847 386 2904; x_wconf 90' lang='lat' dir='ltr'>nulla</span> <span class='ocrx_word' id='word_1_246' title='bbox 406 2845 456 2904; x_wconf 87' lang='lat' dir='ltr'>lati</span> <span class='ocrx_word' id='word_1_247' title='bbox 477 2845 559 2920; x_wconf 91' lang='lat' dir='ltr'>quod</span> <span class='ocrx_word' id='word_1_248' title='bbox 579 2846 643 2920; x_wconf 88' lang='lat' dir='ltr'>lege</span> <span class='ocrx_word' id='word_1_249' title='bbox 664 2854 789 2917; x_wconf 87' lang='lat' dir='ltr'>tenetur,</span> 
     </span>
    </p>

    <p class='ocr_par' dir='ltr' id='par_1_35' title="bbox 125 2923 1114 2998">
     <span class='ocr_line' id='line_1_36' title="bbox 125 2923 1114 2998; baseline -0.001 -14"><span class='ocrx_word' id='word_1_250' title='bbox 125 2927 204 2984; x_wconf 92' lang='lat' dir='ltr'>‘Pro</span> <span class='ocrx_word' id='word_1_251' title='bbox 225 2925 311 2984; x_wconf 88' lang='lat' dir='ltr'>Latio</span> <span class='ocrx_word' id='word_1_252' title='bbox 333 2927 472 2997; x_wconf 90' lang='lat' dir='ltr'>obtestor,</span> <span class='ocrx_word' id='word_1_253' title='bbox 494 2943 548 2998; x_wconf 92' lang='lat' dir='ltr'>pro</span> <span class='ocrx_word' id='word_1_254' title='bbox 569 2923 722 2982; x_wconf 90' lang='lat' dir='ltr'>maiestate</span> <span class='ocrx_word' id='word_1_255' title='bbox 742 2935 874 2985; x_wconf 88' lang='lat' dir='ltr'>tuorum:</span> <span class='ocrx_word' id='word_1_256' title='bbox 1055 2925 1114 2983; x_wconf 82' lang='lat'>820</span> 
     </span>
    </p>

    <p class='ocr_par' dir='ltr' id='par_1_36' title="bbox 126 2999 834 3075">
     <span class='ocr_line' id='line_1_37' title="bbox 126 2999 834 3075; baseline -0.008 -11"><span class='ocrx_word' id='word_1_257' title='bbox 126 3007 223 3064; x_wconf 89' lang='lat' dir='ltr'>‘Cum</span> <span class='ocrx_word' id='word_1_258' title='bbox 245 3004 303 3061; x_wconf 90' lang='lat' dir='ltr'>iam</span> <span class='ocrx_word' id='word_1_259' title='bbox 317 3001 450 3062; x_wconf 90' lang='lat' dir='ltr'>conubiis</span> <span class='ocrx_word' id='word_1_260' title='bbox 471 3019 574 3075; x_wconf 88' lang='lat' dir='ltr'>pacem</span> <span class='ocrx_word' id='word_1_261' title='bbox 596 2999 738 3068; x_wconf 85' lang='lat' dir='ltr'>felicibus,</span> <span class='ocrx_word' id='word_1_262' title='bbox 761 3009 834 3070; x_wconf 91' lang='lat' dir='ltr'>est0,</span> 
     </span>
    </p>

    <p class='ocr_par' dir='ltr' id='par_1_37' title="bbox 125 3079 949 3156">
     <span class='ocr_line' id='line_1_38' title="bbox 125 3079 949 3156; baseline 0 -18"><span class='ocrx_word' id='word_1_263' title='bbox 125 3084 335 3152; x_wconf 90' lang='lat' dir='ltr'>‘Conponent,</span> <span class='ocrx_word' id='word_1_264' title='bbox 358 3100 426 3138; x_wconf 91' lang='lat' dir='ltr'>cum</span> <span class='ocrx_word' id='word_1_265' title='bbox 447 3079 506 3137; x_wconf 90' lang='lat' dir='ltr'>iam</span> <span class='ocrx_word' id='word_1_266' title='bbox 527 3081 606 3154; x_wconf 85' lang='lat' dir='ltr'>leges</span> <span class='ocrx_word' id='word_1_267' title='bbox 628 3089 659 3137; x_wconf 92' lang='lat' dir='ltr'>et</span> <span class='ocrx_word' id='word_1_268' title='bbox 678 3081 799 3139; x_wconf 82' lang='lat' dir='ltr'>foedera</span> <span class='ocrx_word' id='word_1_269' title='bbox 819 3081 949 3156; x_wconf 85' lang='lat' dir='ltr'>iungent,</span> 
     </span>
    </p>

    <p class='ocr_par' dir='ltr' id='par_1_38' title="bbox 125 3155 886 3231">
     <span class='ocr_line' id='line_1_39' title="bbox 125 3155 886 3231; baseline 0.005 -19"><span class='ocrx_word' id='word_1_270' title='bbox 125 3159 193 3212; x_wconf 94' lang='lat' dir='ltr'>‘Ne</span> <span class='ocrx_word' id='word_1_271' title='bbox 213 3165 297 3211; x_wconf 88' lang='lat' dir='ltr'>vetus</span> <span class='ocrx_word' id='word_1_272' title='bbox 317 3155 469 3228; x_wconf 85' lang='lat' dir='ltr'>indigenas</span> <span class='ocrx_word' id='word_1_273' title='bbox 490 3175 601 3214; x_wconf 89' lang='lat' dir='ltr'>nomen</span> <span class='ocrx_word' id='word_1_274' title='bbox 622 3167 734 3216; x_wconf 89' lang='lat' dir='ltr'>mutare</span> <span class='ocrx_word' id='word_1_275' title='bbox 755 3157 886 3231; x_wconf 90' lang='lat' dir='ltr'>Latinos,</span> 
     </span>
    </p>

    <p class='ocr_par' dir='ltr' id='par_1_39' title="bbox 125 3231 869 3308">
     <span class='ocr_line' id='line_1_40' title="bbox 125 3231 869 3308; baseline 0.009 -21"><span class='ocrx_word' id='word_1_276' title='bbox 125 3234 212 3287; x_wconf 93' lang='lat' dir='ltr'>‘Neu</span> <span class='ocrx_word' id='word_1_277' title='bbox 232 3232 326 3286; x_wconf 91' lang='lat' dir='ltr'>Troas</span> <span class='ocrx_word' id='word_1_278' title='bbox 347 3231 408 3287; x_wconf 87' lang='lat' dir='ltr'>fieri</span> <span class='ocrx_word' id='word_1_279' title='bbox 428 3232 530 3290; x_wconf 90' lang='lat' dir='ltr'>iubeas</span> <span class='ocrx_word' id='word_1_280' title='bbox 550 3236 742 3308; x_wconf 89' lang='lat' dir='ltr'>Teucrosque</span> <span class='ocrx_word' id='word_1_281' title='bbox 762 3237 869 3306; x_wconf 88' lang='lat' dir='ltr'>vocari,</span> 
     </span>
    </p>

    <p class='ocr_par' dir='ltr' id='par_1_40' title="bbox 124 3308 1110 3394">
     <span class='ocr_line' id='line_1_41' title="bbox 124 3308 1110 3394; baseline 0.013 -33"><span class='ocrx_word' id='word_1_282' title='bbox 124 3308 205 3362; x_wconf 88' lang='lat' dir='ltr'>‘Aut</span> <span class='ocrx_word' id='word_1_283' title='bbox 224 3323 328 3362; x_wconf 91' lang='lat' dir='ltr'>vocem</span> <span class='ocrx_word' id='word_1_284' title='bbox 348 3317 461 3365; x_wconf 88' lang='lat' dir='ltr'>mutare</span> <span class='ocrx_word' id='word_1_285' title='bbox 481 3309 566 3382; x_wconf 90' lang='lat' dir='ltr'>viros,</span> <span class='ocrx_word' id='word_1_286' title='bbox 587 3322 639 3371; x_wconf 89' lang='lat' dir='ltr'>aut</span> <span class='ocrx_word' id='word_1_287' title='bbox 660 3325 771 3373; x_wconf 83' lang='lat' dir='ltr'>vertere</span> <span class='ocrx_word' id='word_1_288' title='bbox 792 3327 912 3376; x_wconf 83' lang='lat' dir='ltr'>vestem.</span> <span class='ocrx_word' id='word_1_289' title='bbox 1054 3318 1110 3394; x_wconf 79' lang='lat'>825</span> 
     </span>
    </p>
   </div>
   <div class='ocr_carea' id='block_1_3' title="bbox 0 0 1226 3686">
    <p class='ocr_par' dir='ltr' id='par_1_41' title="bbox 0 0 1226 3686">
     <span class='ocr_line' id='line_1_42' title="bbox 0 0 1226 3686; baseline 0 0"><span class='ocrx_word' id='word_1_290' title='bbox 0 0 1226 3686; x_wconf 95' lang='lat' dir='ltr'> </span> 
     </span>
    </p>
   </div>
  </div>
 </body>
</html>
