2494 3702
146 120 185 188 84
395 120 431 176 P.
468 117 656 177 VERGJLI
682 114 893 176 MARONJS

146 273 239 332 Mella
259 272 350 330 fluant
371 271 421 345 illi,
444 273 515 331 serat
536 283 566 334 et
586 275 676 333 rubus
696 292 782 349 asper
801 292 960 332 amomum.

185 355 230 412 M
261 352 321 428 Qui
343 352 464 411 Bavium
486 371 547 411 non
568 353 639 425 odit,
662 363 741 413 amet
762 364 814 412 tua
834 352 970 425 carmina,
989 349 1103 423 Maeui,

149 438 249 510 Atque
270 431 350 494 idem
371 434 473 508 iungat
493 435 597 509 vulpes
618 444 648 492 et
668 436 798 510 mulgeat
817 433 921 492 hircos
1111 453 1150 509 91

186 517 230 574 D.
260 513 319 589 Qui
339 512 433 604 legitis
454 513 540 572 flores
561 525 591 573 et
611 513 692 572 humi
713 513 866 572 nascentia
885 515 972 590 fraga,

147 594 330 670 Frigidus,o
312 593 443 670 opueri,
464 593 555 670 sugite
576 593 655 666 hinc,
676 595 748 653 latet
768 593 872 672 anguis
892 595 923 652 in
944 593 1041 652 herba.

186 676 232 733 M.
263 673 386 746 Parcite,
407 692 487 745 oves,
510 673 632 733 nimium
654 675 833 750 procedere.
860 693 921 732 non
942 674 1019 732 bene
1041 671 1128 750 ripae

148 756 301 830 Creditur,
327 754 391 829 ipse
411 753 487 813 aries
506 754 594 814 etiam
617 773 696 813 nunc
716 757 824 814 vellera
844 752 942 813 siccat.
1110 771 1149 830 95

187 837 229 895 D.
256 835 365 912 Tityre,
387 845 542 912 pascentes
563 855 581 893 a
602 834 723 894 flumine
743 834 819 894 reice
840 837 984 910 capellas:

149 918 226 992 Ipse,
248 916 299 975 ubi
320 927 438 990 tempus
459 913 519 986 erit,
542 934 646 974 omnes
666 915 697 973 in
719 917 800 974 fonte
821 915 934 974 lavabo.

187 998 234 1056 M.
265 995 370 1073 Cogite
391 1013 470 1066 oves,
492 995 576 1071 pueri
586 1018 593 1069 ;
622 997 646 1055 si
667 997 714 1055 lac
733 993 914 1072 praeceperit
934 1004 1040 1065 aestus,

149 1079 192 1138 Ut
213 1094 316 1152 nuper,
338 1078 441 1135 frustra
461 1075 659 1152 pressabimus
679 1077 770 1136 ubera
790 1075 903 1151 palmis.

187 1157 229 1216 D.
261 1158 331 1216 Heu
358 1157 424 1230 heu,
447 1175 536 1231 quam
564 1155 665 1234 pingui
691 1175 791 1215 macer
817 1166 862 1216 est
889 1154 962 1213 mihi
988 1163 1087 1214 taurus
1117 1152 1150 1212 in

307 1243 395 1296 ervo!
1090 1255 1150 1292 100

150 1319 235 1376 Idem
255 1333 339 1376 arnor
358 1316 479 1376 exitium
500 1316 601 1393 pecori
621 1315 796 1394 pecorisque
817 1314 964 1392 magistro.

188 1400 234 1458 M
272 1397 330 1456 His
365 1409 444 1457 certe
479 1417 576 1473 neque
609 1417 692 1457 amor
726 1415 816 1456 causa
849 1407 911 1456 est.
948 1393 996 1454 vix
1029 1394 1149 1454 ossibus
1237 1391 1238 1426 ³

308 1478 436 1537 haerent.

150 1557 261 1618 Nescio
281 1558 347 1633 quis
368 1568 485 1618 teneros
506 1561 610 1618 oculus
631 1557 703 1617 mihi
724 1556 845 1615 fascinat
866 1575 967 1633 agnos.

188 1640 230 1697 D.
257 1637 324 1707 Dic,
341 1638 448 1715 quibus
469 1637 499 1696 in
519 1638 672 1698 terris-et
690 1639 746 1698 eris
766 1636 838 1696 mihi
856 1655 980 1712 magnus
997 1635 1149 1712 Apollo-

149 1721 224 1778 Tres
246 1729 347 1795 pateat
367 1719 451 1778 Caeli
473 1719 599 1810 spatium
620 1739 682 1778 non
703 1718 830 1810 amplius
850 1718 942 1775 ulnas,
1091 1734 1146 1792 105

188 1801 234 1858 M
265 1798 332 1870 Dic,
348 1799 483 1874 quibus
476 1819 507 1857 ιιι
529 1799 610 1858 terris
632 1798 763 1874 inscripti
784 1796 905 1856 nomina
924 1815 1024 1873 regum

150 1882 317 1939 Nascantur
337 1881 442 1951 flores;
466 1890 495 1938 et
516 1879 651 1956 Phyllida
672 1880 752 1938 solus
772 1879 888 1938 habeto.

189 1962 224 2020 P.
255 1961 326 2018 Non
347 1970 480 2019 nostrum
501 1959 650 2018 intervos
671 1969 767 2018 tantas
788 1976 967 2050 componere
987 1955 1060 2016 lites.

151 2044 189 2100 Et
209 2039 302 2099 vitula
322 2050 353 2098 tu
375 2038 481 2116 dignus
502 2049 532 2098 et
552 2039 608 2098 hic.
652 2041 692 2098 Et
712 2037 845 2114 quisquis
866 2057 981 2096 amores

152 2121 245 2180 Haud
266 2131 378 2179 temnet
400 2122 509 2192 dulceS,
531 2121 613 2180 haud
634 2119 800 2196 experietur
819 2137 942 2177 amaros.
1091 2137 1147 2176 rro

150 2200 288 2263 Claudite
309 2200 367 2258 iam
388 2199 473 2274 rivos,
495 2201 595 2278 pueri:
623 2213 668 2260 sat
689 2212 772 2278 prata
793 2199 938 2260 biberunt.

522 2511 694 2570 ECLOGA
721 2510 777 2568 IV.

150 2648 314 2749 §hunnus
337 2691 451 2762 Musae,
474 2691 563 2765 paulo
584 2689 696 2748 maiora
717 2693 874 2748 canamus!

152 2773 222 2828 Non
243 2789 345 2829 omnes
337 2769 485 2830 arbusta
505 2769 605 2829 iuvant
626 2769 810 2844 humilesque
831 2761 1006 2844 myricae·
970 2813 980 2842 ,
1032 2761 1067 2795 '‘'

149 2849 180 2910 si
200 2849 332 2909 canimus
354 2849 449 2923 silvas,
473 2849 563 2909 silvae
584 2849 642 2908 sint
663 2850 785 2908 consule
806 2849 922 2924 dignae.

100 2997 102 3011 Ι
191 2930 304 2990 Ultima
325 2929 450 2991 Cumaei
468 2929 577 2989 ve‘nit
570 2949 628 2988 ram
648 2927 784 2987 carminis
805 2939 904 3001 aetas,

151 3013 280 3086 Magnus
300 3012 340 3070 ab
361 3011 477 3086 integro
495 3012 660 3069 saeclorum
681 3008 809 3068 nascitur
830 3009 912 3067 ordo.

151 3094 214 3149 Iam
236 3090 312 3148 redit
333 3099 362 3147 et
383 3089 482 3178 Virgo,
505 3091 630 3148 redeunt
651 3087 786 3148 Saturnia
806 3107 928 3167 regna;

150 3172 215 3227 Iam
236 3161 314 3228 nova
334 3168 489 3242 progenies
510 3169 593 3227 caelo
615 3167 778 3227 d‘m1tt1tur
797 3167 865 3224 alto.
908 3155 972 3206 'l'
988 3209 999 3253 ,
1066 3189 1087 3247 χ
1103 3146 1157 3184 Κ

149 3250 197 3318 Tu
212 3247 309 3306 modo
330 3246 464 3305 nascenti
484 3264 585 3334 puero,
607 3265 667 3321 quo
675 3245 779 3305 ferrea
802 3245 960 3338 primurn
991 3268 1012 3304 ι
1097 3243 1116 3266 ²

150 3327 274 3385 Desinet
263 3336 330 3384 tac
351 3336 415 3384 toto
400 3336 550 3416 surget
546 3325 626 3399 gens
647 3345 743 3384 aurea
754 3326 877 3394 mund0,
937 3346 944 3358 .
1048 3345 1051 3354 ’
1197 3345 1204 3370 ι

150 3407 240 3465 Casta
261 3407 329 3517 saue
347 3395 478 3463 Lucina:
505 3415 573 3464 tuus
594 3404 652 3462 iam
673 3414 774 3479 regnat
795 3369 913 3478 Apollo.
986 3401 996 3464 “,
1115 3424 1146 3462 ιο
1172 3448 1186 3478 ,

1012 3496 1104 3602 ’,οιιζι
1123 3511 1125 3518 ·
