2494 3702
390 74 625 133 BUCOLICA.
665 75 760 132 ECL.
783 75 821 132 X.

110 226 182 284 Huc
203 224 294 297 ades;
322 223 419 284 insani
439 224 542 284 feriant
563 225 626 285 sine
647 225 733 285 litora
752 226 876 286 fluctus’

147 306 186 365 L.
215 304 304 380 Quid,
323 325 400 381 quae
423 317 452 364 te
472 324 546 381 pura
566 308 661 364 solum
682 306 737 366 sub
758 317 846 366 nocte
867 317 1023 368 canentem

107 385 294 445 Audieram?
321 405 461 445 numeros
483 386 612 457 memini,
635 386 659 445 si
680 387 768 446 verba
790 400 927 447 teneram.
1065 406 1101 466 45

148 467 195 524 M.
226 466 372 542 ‘Daphni
386 468 465 540 „quid
485 465 622 542 antiquos
645 465 793 542 signorum
816 466 939 544 suspicis
961 470 1064 528 ortus?

107 548 190 605 Ecce
212 546 340 606 Dionaei
360 545 504 621 processit
526 545 660 606 Caesaris
682 560 801 617 astrum,

106 631 238 697 Astrum,
260 645 320 702 quo
343 637 456 702 segetes
477 627 638 701 gauderent
659 626 789 701 frugibus
810 637 840 686 et
861 647 922 704 quo

106 709 241 766 Duceret
261 705 367 782 apricis
387 706 419 764 in
439 706 564 765 collibus
584 726 642 765 uva
662 709 798 766 colorem.

107 789 220 858 Insere,
244 787 373 862 Daphni,
395 783 492 862 piros,
521 797 642 862 carpent
662 797 713 845 tua
733 805 822 862 poma
842 792 985 863 nepotes!
1063 807 1103 866 50

148 865 260 927 Omnia
279 869 334 925 fert
353 879 442 938 aetas,
464 866 597 925 animum
617 884 735 942 quoque
745 887 754 939 5
782 886 871 943 saepe
891 888 947 946 ego
968 870 1073 946 longos

107 947 268 1006 Cantando
289 965 412 1022 puemm
434 945 555 1004 memini
578 966 626 1005 me
647 951 774 1006 condere
795 949 889 1008 soles:

106 1029 199 1086 Nunc
220 1027 312 1085 oblita
332 1025 404 1084 mihi
425 1036 470 1085 tot
490 1027 638 1098 carmina,
664 1045 722 1086 vox
743 1046 863 1103 quoque
884 1027 1012 1089 Moerim

107 1102 174 1165 Iam
196 1106 270 1183 fugit
289 1108 370 1182 ipsa,
397 1105 461 1181 lupi
482 1105 609 1165 Moerim
629 1106 729 1166 videre
750 1107 869 1182 priores.

105 1187 167 1246 Sed
189 1197 289 1246 tamen
310 1185 366 1245 ista
387 1187 458 1244 satis
479 1189 584 1245 referet
605 1185 659 1244 tibi
679 1204 768 1262 saepe
792 1189 952 1250 Menalcas.
1064 1207 1099 1268 55

149 1269 186 1325 L.
215 1268 375 1326 Causando
397 1278 514 1325 nostros
534 1265 565 1324 in
584 1266 705 1342 longum
727 1267 811 1326 ducis
832 1287 954 1329 amores.

107 1349 148 1406 Et
169 1366 249 1405 nunc
268 1365 358 1406 omne
379 1346 432 1405 tibi
454 1357 576 1405 stratum
599 1346 665 1405 silet
684 1365 801 1422 aequor,
822 1359 852 1408 et
873 1367 987 1423 omnes,

106 1427 227 1503 Aspice,
250 1426 365 1486 ventosi
385 1425 554 1486 ceciderunt
576 1427 730 1486 murmuris
752 1446 847 1487 aurae.

107 1507 193 1566 Hinc
214 1507 291 1566 adeo
312 1505 410 1566 media
432 1517 477 1566 est
498 1505 583 1565 nobis
607 1506 673 1579 via3
700 1526 827 1583 namque
850 1510 1036 1584 sepulchrum

108 1586 219 1662 Incipit
240 1605 380 1663 apparere
401 1586 550 1645 Bianoris:
578 1585 635 1658 hic,
658 1586 709 1645 ubi
732 1589 838 1647 densas
1063 1592 1102 1649 60

107 1666 264 1743 Agricolae
285 1667 430 1742 stringunt
449 1669 578 1738 frondes,
601 1666 656 1737 hic,
681 1667 785 1739 Moeri,
808 1687 966 1731 canamus:

109 1746 172 1806 Hic
192 1747 303 1807 haedos
325 1748 453 1822 depone,
475 1757 575 1806 tamen
596 1746 748 1806 veniemus
770 1748 798 1806 in
821 1750 932 1809 urbem.

107 1830 170 1886 Aut
192 1826 224 1900 si,
248 1846 308 1886 nox
328 1827 456 1903 pluviam
479 1846 517 1886 ne
537 1828 656 1903 colligat
677 1839 754 1900 ante,
778 1848 919 1903 veremur,

108 1908 272 1967 Cantantes
294 1906 363 1966 licet
383 1926 476 1982 usque
499 1907 608 1984 (minus
628 1907 675 1966 via
696 1908 798 1987 laedit)
820 1928 920 1968 eamus
930 1929 940 1982 3

108 1989 272 2048 Cantantes
293 1999 326 2046 ut
347 2006 456 2058 eamus,
479 2006 534 2062 ego
556 1989 614 2046 hoc
637 1999 666 2046 te
687 1989 766 2047 fasce
787 1989 902 2048 levabo.
1064 1993 1099 2066 65

148 2069 194 2126 M
223 2066 333 2127 Desine
350 2068 441 2144 plura,
462 2086 542 2142 puer,
562 2079 592 2126 et
613 2069 694 2143 quod
715 2087 795 2126 nunc
816 2069 904 2127 instat
924 2088 1062 2144 agamus:

108 2146 248 2209 Carmina
268 2160 332 2208 tum
355 2147 468 2221 melius,
493 2167 561 2205 cum
582 2146 694 2206 venerit
716 2146 790 2223 ipse,
811 2167 959 2208 canemus.

488 2535 654 2596 ECLOGA
683 2535 723 2594 X.

541 2740 676 2799 Gaurus.

109 2895 295 2951 Exrusnurr
318 2893 405 2963 hunc,
430 2893 582 2964 Arethusa,
605 2891 677 2950 mihi
697 2892 829 2951 concede
852 2890 991 2952 laborum.

109 2976 209 3031 Pauca
230 2991 298 3031 meo
320 2974 415 3043 Gallo,
438 2973 491 3032 sed
512 2991 587 3048 quae
608 2973 685 3048 legat
707 2971 770 3048 ipsa
793 2971 919 3048 Lycoris,

108 3053 249 3114 Carmina
271 3063 338 3111 sunt
361 3052 504 3112 dicenda:
532 3063 619 3128 neget
640 3051 705 3127 quis
727 3052 856 3111 carmina
879 3053 987 3112 Gallo?

109 3131 158 3192 Sic
178 3131 241 3204 tibi,
264 3152 332 3191 cum
353 3133 458 3192 fluctus
479 3132 674 3192 subterlabere
697 3131 826 3202 Sicanos,

110 3211 200 3272 Doris
222 3231 320 3271 amara
342 3231 424 3271 suam
446 3232 507 3272 non
529 3212 727 3271 intermisceat
749 3213 868 3283 undam,

110 3291 216 3368 Incipe
226 3311 234 3364 ;
262 3292 404 3351 sollicitos
425 3291 503 3350 Galli
524 3290 657 3350 dicamas
678 3310 801 3361 amores,

112 3374 192 3430 Dum
214 3381 314 3430 tenera
334 3370 491 3429 attondent
511 3368 602 3426 simae
622 3367 745 3440 virgulta
766 3368 903 3441 capellae.

182 3508 248 3552 S-V.
265 3509 285 3552 1.
