2462 3678
382 89 624 148 AENEIDOS
646 91 732 147 LIB.
766 93 814 149 VI.
1037 106 1094 164 279

83 207 230 265 ‘Donec
251 205 340 281 longa
360 201 432 277 dies,
456 205 587 281 perfecto
608 205 749 282 temporis
769 209 849 280 orbe,
1037 224 1091 286 745

14 331 19 338 .
82 287 297 346 ‘Concretam
319 284 427 344 exemit
448 286 555 358 labem,
577 305 741 362 pummque
761 287 878 380 reliquit

81 364 291 426 ‘Aetherium
313 384 441 437 sensum,
466 375 555 441 atque
578 366 658 425 aurai
680 367 850 444 simplicis
842 387 949 445 ignem.

82 449 185 505 ‘Has
207 464 318 518 omnes,
343 444 396 505 ubi
420 445 499 504 mille
520 456 614 505 rotam
637 449 754 507 volvere
777 467 830 539 per
850 468 953 520 annos,

83 527 284 586 ‘Lethaeum
306 526 346 585 ad
367 524 487 584 fluvium
509 526 583 585 deus
605 536 709 586 evocat
731 528 848 604 agmine
870 549 995 605 magno:

83 603 265 666 ‘Scilicet
257 624 435 665 inmemores
456 625 561 696 supera
582 617 615 666 ut
639 626 772 667 convexa
791 608 917 668 revisant
1036 627 1094 686 750

84 689 241 758 ‘Rursus
265 697 296 745 et
315 684 457 762 incipiant
477 684 508 744 in
531 705 655 762 corpora
676 688 752 748 velle
773 688 896 748 reverti!

137 766 264 825 Dixerat
285 765 448 826 Anchises:
470 777 631 842 natumque
652 787 770 844 unaque
792 768 931 845 Sibyllam

84 849 273 908 Conventus
294 846 381 904 trahit
400 845 431 904 in
452 846 576 919 medios,
601 848 777 924 turbamque
796 860 969 909 sonantem:

84 931 135 986 Et
160 927 308 985 tumulum
330 924 416 1003 capit,
439 928 520 986 unde
544 946 648 987 omnes
669 929 759 1004 longo
779 928 883 989 ordine
904 940 1004 1005 posset

84 1008 248 1066 Adversos
269 1008 373 1082 legere,
397 1016 426 1065 et
443 1007 613 1066 venientum
637 1008 751 1068 discere
774 1010 879 1069 voltus.
1035 1027 1090 1086 755

88 1088 208 1145 ‘Nunc
229 1106 290 1163 age,
312 1085 493 1145 Dardaniam
514 1088 628 1162 prolem
651 1107 726 1164 quae
748 1088 858 1149 deinde
877 1099 1015 1165 sequatur

89 1165 226 1239 ‘Gloria
247 1165 299 1244 qui
323 1177 461 1226 maneant
483 1168 559 1226 Itala
579 1169 618 1228 de
639 1180 727 1244 gente
749 1179 881 1259 nepotes,

91 1248 260 1306 ‘Inlustres
280 1246 392 1306 animas
414 1257 606 1324 nostrumque
627 1247 658 1306 in
684 1267 793 1308 nomen
814 1248 910 1322 ituras,

91 1327 284 1403 ‘Expediam
306 1326 400 1398 dictis,
416 1336 454 1418 ⁸et
477 1337 508 1386 te
529 1338 580 1386 tua
596 1329 656 1388 sata
677 1331 802 1388 docebo.

92 1409 182 1478 ‘Ille,
205 1407 298 1478 vides,
320 1426 394 1482 pura
414 1405 527 1466 iuvenis
550 1407 601 1484 qui
620 1409 720 1467 nititur
739 1410 831 1481 hasta,
1035 1413 1093 1484 760

92 1486 256 1546 ‘Proxima
276 1498 354 1546 sorte
376 1498 458 1547 tenet
477 1486 550 1547 lucis
572 1489 645 1561 loca,
665 1488 775 1564 primus
794 1491 832 1548 ad
854 1509 938 1550 auras

92 1567 271 1626 ‘Aetherias
293 1567 370 1626 Italo
392 1567 569 1627 commixtus
591 1568 732 1644 sanguine
753 1580 856 1646 surget,

94 1646 231 1720 ‘Silvius
254 1647 404 1706 Albanum
425 1667 544 1720 nomen,
567 1659 619 1707 tua
639 1660 776 1725 postuma
796 1650 911 1726 proles,

95 1730 216 1802 ‘Quem
238 1726 292 1786 tibi
313 1728 458 1804 longaevo
480 1746 578 1787 serum
600 1729 722 1788 Lavinia
744 1729 874 1789 coniunx

96 1809 233 1867 ‘Educet
251 1807 329 1866 silvis
352 1827 451 1883 regem
472 1805 634 1884 regumque
654 1821 804 1885 parentem
813 1831 823 1885 ;
1036 1816 1091 1888 765

98 1888 210 1949 ‘Unde
231 1906 324 1964 genus
348 1891 452 1964 Longa
471 1899 604 1948 nostrum
625 1890 825 1949 dominabitur
844 1891 930 1950 Alba.

98 1967 272 2028 ‘Proximus
294 1967 343 2027 ille
366 1971 484 2040 Procas,
507 1970 655 2029 Troianae
676 1970 769 2046 gloria
787 1970 891 2046 gentis

98 2051 158 2107 ‘Et
180 2050 286 2125 Capys,
311 2059 340 2108 et
363 2048 509 2119 Numitor,
529 2059 558 2109 et
581 2049 631 2126 qui
653 2059 683 2108 te
701 2048 823 2110 nomine
843 2049 948 2109 reddet

99 2127 226 2188 ‘Silvius
247 2131 372 2202 Aeneas,
396 2128 505 2204 pariter
525 2128 635 2205 pietate
656 2131 704 2188 vel
726 2128 814 2188 annis

99 2209 267 2285 ‘Egregius
291 2208 316 2267 si
337 2227 469 2284 unquam
491 2211 672 2284 regnandam
693 2208 838 2285 acceperit
857 2209 972 2268 Albam.
1034 2227 1092 2284 770

100 2288 179 2362 ‘Qui
200 2287 337 2348 iuvenes!
363 2299 487 2364 quantas
508 2300 664 2362 ostentant,
688 2290 795 2366 aspice,
818 2288 902 2363 vires,

100 2371 220 2444 ‘Atque
242 2369 377 2428 umbrata
397 2380 503 2444 gerunt
524 2369 601 2428 civili
623 2380 755 2446 tempora
776 2375 903 2447 quereul

100 2448 163 2506 ‘Hi
184 2448 238 2508 tibi
258 2451 450 2521 Nomentum,
474 2460 503 2508 et
526 2449 645 2522 Gabios,
667 2451 830 2527 urbemque
852 2451 1005 2523 Fidenam,

101 2528 161 2586 ‘Hi
179 2527 341 2589 Collatinas
358 2529 513 2605 imponent
535 2530 685 2589 montibus
705 2551 795 2604 arces,

101 2608 278 2682 ‘Pometios
303 2611 501 2686 Castrumque
524 2611 601 2683 Inui,
625 2612 798 2687 Bolamque,
822 2612 999 2686 Coramque.
1034 2627 1088 2686 775

102 2691 204 2748 ‘Haec
223 2699 287 2748 tum
307 2689 429 2748 nomina
450 2700 543 2764 emnt,
565 2710 645 2749 nunc
665 2700 733 2749 sunt
754 2691 818 2749 sine
838 2690 960 2749 nomine
980 2701 1081 2749 terrae.

103 2769 196 2842 ‘Quin
217 2781 247 2828 et
266 2788 322 2828 avo
343 2770 482 2829 comitem
504 2788 568 2830 sese
590 2769 753 2828 Mavortius
773 2770 864 2829 addet

103 2850 270 2922 ‘Romulus
291 2849 428 2908 Assaraci
448 2869 537 2926 quem
558 2848 707 2925 sanguinis
729 2849 784 2907 Ilia
804 2859 898 2907 mater

104 2930 240 2989 ‘Educet
282 2929 389 2989 Viden'
410 2940 442 2988 ut
461 2931 596 3007 geminae
617 2938 695 2988 stant
715 2928 823 2988 vertice
844 2928 955 3000 cristae,

104 3011 155 3069 ‘Et
174 3020 257 3086 pater
277 3008 339 3085 ipse
361 3029 414 3068 suo
435 3029 573 3085 superum
593 3008 652 3067 iam
673 3008 767 3084 signat
787 3009 923 3067 honore?
1034 3013 1092 3085 780

104 3091 164 3148 ‘En
183 3089 278 3161 huiuS,
301 3100 378 3161 nate,
400 3089 537 3165 auspiciis
557 3087 606 3146 illa
626 3088 736 3147 incluta
757 3091 855 3148 Roma

105 3169 277 3245 ‘Imperium
298 3169 387 3241 terriS,
410 3169 525 3228 animos
545 3169 684 3244 aequabit
705 3170 843 3244 Olympo,

105 3251 297 3324 ‘Septemque
317 3267 378 3307 una
398 3247 454 3307 sibi
474 3267 559 3306 muro
579 3249 772 3308 circumdabit
792 3267 883 3321 arces,

107 3327 196 3388 ‘Felix
215 3328 298 3406 prole
317 3326 429 3386 virum:
451 3327 545 3403 qualis
567 3325 739 3403 Berecyntia
758 3337 851 3386 mater
