2460 3686
144 79 200 149 248
389 70 426 128 P.
463 69 656 130 aaron!
676 68 890 130 MARONJS

138 195 279 258 Constitit
299 195 330 256 in
351 194 459 272 digitos
480 197 628 272 extemplo
649 205 778 257 arrectus
797 206 929 273 uterque,

138 275 339 354 Bracchiaque
359 277 400 336 ad
419 295 539 353 superas
560 275 708 336 interritus
729 276 832 338 extulit
852 296 945 336 auras.

137 358 297 418 Abduxere
316 367 395 418 retro
415 358 504 434 longe
523 356 621 433 capita
640 358 732 416 ardua
751 359 790 416 ab
810 357 879 430 ictu,

138 437 364 515 Inmiscentque
384 456 490 498 manus
510 437 656 510 manibus,
678 456 868 515 pugnamque
888 438 1064 513 lacessunt;

139 520 195 578 Ille
215 518 326 596 pedum
346 518 450 579 melior
470 528 554 578 motu
574 519 724 595 fretusque
744 517 871 590 iuventa,
1086 538 1146 593 430

139 597 201 659 Hic
222 597 361 659 membris
381 609 411 658 et
432 599 511 658 mole
532 599 651 658 valensr
679 598 731 658 sed
753 600 837 658 tarda
857 598 998 658 trementi
1207 632 1208 682 r

138 680 245 738 Genua
265 679 375 750 labant,
396 689 495 739 vastos
515 677 610 755 quatit
630 697 718 754 aeger
737 677 882 738 anhelitus
903 689 995 738 artus.
1207 689 1208 704 ³

140 761 237 820 Multa
256 757 310 818 viri
331 757 511 835 nequiquam
532 757 607 818 inter
628 777 660 818 se
679 759 801 819 volnera
820 759 940 830 iactant,

139 840 237 899 Multa
256 858 331 900 cavo
350 839 434 898 lateri
454 837 644 915 ingeminant,
667 848 698 898 et
718 849 838 916 pectore
858 851 958 898 vastos

139 922 221 980 Dant
241 919 354 979 sonitus
363 941 373 993 5
399 931 534 994 erratque
553 937 638 978 aures
659 929 689 978 et
710 929 844 994 tempora
864 919 975 978 circum
1085 935 1142 995 435

138 1001 251 1060 Crebra
270 1005 383 1071 manus,
405 1000 480 1059 duro
500 998 646 1075 crepitant
667 1001 723 1058 sub
743 1002 863 1060 volnere
884 1001 988 1058 malae.

138 1081 201 1140 stat
221 1080 316 1156 gravis
338 1081 472 1140 Entellus
493 1079 618 1156 nisuque
637 1079 768 1140 inmotus
789 1081 904 1154 eodem,

139 1161 271 1238 Corpore
292 1162 351 1220 tela
371 1161 474 1220 modo·
482 1170 572 1236 atque
592 1159 686 1220 oculis
706 1159 895 1236 vigilantibus
916 1157 986 1220 exit

139 1243 202 1314 Ille,
224 1241 304 1301 velut
324 1242 433 1300 celsam
455 1251 608 1317 oppugnat
627 1239 679 1316 qui
698 1239 828 1300 molibus
849 1242 954 1300 urbem

137 1325 198 1381 Aut
217 1331 360 1380 montana
380 1320 457 1380 sedit
477 1319 588 1380 circum
608 1322 729 1380 castella
749 1321 804 1380 sub
824 1320 921 1393 armis,
1080 1343 1139 1396 440

138 1403 228 1462 Nunc
248 1402 311 1473 hos,
333 1421 413 1461 nunc
433 1401 500 1461 illos
519 1400 625 1472 adituS,
648 1420 828 1477 omnemque
848 1411 977 1478 pererrat

136 1484 209 1542 Arte
229 1484 336 1554 locum,
359 1493 389 1541 et
408 1481 495 1541 variis
515 1481 680 1541 adsultibus
700 1480 796 1542 irritus
816 1493 927 1557 urguet.
1027 1531 1029 1536 ,

138 1562 278 1622 Ostendit
298 1563 432 1622 dextram
453 1561 607 1638 insurgens
629 1563 764 1622 Entellus
784 1574 815 1622 et
834 1564 893 1622 alte

138 1643 268 1703 Extulit:
296 1642 345 1703 ille
364 1642 457 1702 ictum
477 1641 647 1702 venientem
667 1661 686 1701 a
704 1641 814 1702 vertice
834 1644 921 1702 velox

137 1722 294 1795 Praevidit,
315 1721 461 1799 celerique
482 1725 600 1799 elapsus
621 1741 745 1799 corpore
765 1722 861 1783 cessit.
1076 1739 1133 1800 445

137 1805 271 1863 Entellus
292 1803 367 1864 vires
387 1803 418 1862 in
439 1814 561 1863 ventum
582 1803 694 1875 effudit,
717 1814 746 1864 et
766 1805 842 1864 ultro

138 1885 207 1960 Ipse
226 1882 321 1960 gravis
341 1882 525 1961 graviterque
545 1885 585 1942 ad
605 1895 712 1944 terram
732 1886 864 1960 pondere
883 1894 969 1944 vasto
1018 1887 1022 1891 ’

137 1963 296 2025 Concidit:
324 1975 356 2024 ut
377 1965 529 2041 quondam
550 1983 623 2024 cava
643 1964 775 2024 concidit
795 1975 845 2024 aut
866 1966 1063 2041 Erymantho,

136 2048 197 2103 Aut
218 2045 274 2103 Ida
294 2043 326 2104 in
345 2064 453 2120 magna
472 2043 621 2104 radicibus
642 2056 724 2104 eruta
744 2044 839 2122 pinus.

137 2126 326 2201 Consurgunt
346 2124 450 2184 studiis
470 2124 578 2185 Teucri
598 2137 630 2186 et
649 2125 800 2185 Trinacria
821 2126 933 2202 pubes;
1074 2141 1132 2202 450

136 2206 165 2264 It
187 2207 298 2264 clamor
318 2207 410 2279 caelo,
432 2203 603 2282 primusque
623 2206 747 2266 accurrit
767 2209 900 2279 Acestes,

135 2287 387 2360 Aequaevomque
407 2287 446 2344 ab
466 2287 558 2345 humo
579 2285 719 2346 miserans
740 2286 848 2346 attollit
866 2284 1003 2345 amicum.

44 2395 47 2400 ,
135 2368 177 2425 At
198 2384 260 2425 non
280 2366 410 2425 tardatus
430 2385 502 2425 casu
523 2385 621 2443 neque
641 2366 757 2426 territus
778 2368 865 2427 heros

135 2445 239 2506 Acrior
259 2446 298 2505 ad
319 2464 449 2522 pugnam
469 2447 554 2518 redit,
576 2465 612 2506 ac
631 2445 692 2505 vim
713 2446 833 2506 suscitat
853 2447 913 2522 ira;

135 2528 215 2585 Tum
236 2526 332 2602 pudor
351 2525 483 2586 incendit
503 2526 579 2586 vires
599 2537 630 2588 et
650 2527 770 2588 conscia
789 2527 890 2600 virtus,
1074 2545 1128 2605 455

137 2606 390 2683 Praecipitemque
411 2609 511 2667 Daren
533 2608 640 2666 ardens
659 2607 719 2683 agit
739 2627 869 2684 aequore
889 2618 961 2680 toto,

137 2689 227 2746 Nunc
247 2688 349 2746 dextra
367 2685 552 2764 ingeminans
573 2687 656 2760 ictus,
678 2707 758 2747 nunc
778 2688 826 2748 ille
848 2687 980 2747 sinistra:

136 2770 201 2828 Nec
222 2786 312 2838 mora,
334 2787 391 2827 nec
411 2766 544 2845 requies:
572 2786 661 2843 quam
682 2770 776 2827 multa
795 2768 938 2844 grandine
957 2766 1053 2826 nimbi

136 2846 323 2910 Culminibus
343 2847 497 2924 crepitant,
520 2847 563 2907 sic
584 2847 683 2907 densis
703 2848 810 2908 ictibus
831 2850 918 2908 heros

136 2929 248 2990 Creber
267 2939 390 3003 utraque
411 2947 502 2987 manu
523 2930 620 3005 pulsat
640 2938 794 3006 versatque
815 2931 935 2989 Dareta
1072 2933 1126 3003 460

135 3009 215 3067 Tum
235 3020 321 3084 pater
340 3011 457 3068 Aeneas
478 3010 640 3085 procedere
660 3008 776 3086 longius
796 3009 853 3069 iras

136 3091 175 3148 Et
197 3087 308 3148 saevire
328 3087 434 3147 animis
455 3090 607 3148 Entellum
626 3090 707 3148 haud
728 3109 831 3167 passus
851 3089 965 3149 acerbis
975 3110 985 3164 ;

135 3169 195 3230 Sed
214 3170 305 3228 finem
325 3167 466 3244 imposuit
486 3187 612 3245 pugnae,
633 3170 804 3246 fessumque
826 3172 937 3230 Dareta

136 3248 258 3322 Eripuit,
280 3248 414 3306 mulcens
435 3247 529 3317 dictis,
551 3267 587 3307 ac
607 3249 677 3308 talia
695 3251 791 3310 fatur:

137 3325 270 3399 ‘Infelirq
292 3344 369 3402 quae
389 3335 471 3384 tanta
491 3325 623 3385 animum
644 3329 795 3388 dementia
815 3328 917 3406 cepit?
1071 3334 1122 3408 465
