2468 3692
346 518 379 579 Ρ.
407 518 604 582 venerut
635 520 854 584 unionis

285 695 330 784 Α
375 695 418 785 Ε
459 695 506 784 Ν
548 697 591 787 Ε
633 698 654 786 Ι
698 699 746 787 Ι)
789 699 835 789 Ο
877 699 914 792 S

394 912 519 969 LIBER
546 913 809 973 UNDECIMUS.

116 1347 275 1406 Ocmurr
295 1343 406 1404 interea
425 1364 543 1420 surgens
562 1348 675 1404 Aurora
693 1343 818 1420 reliquit.

117 1426 241 1494 Aeneas,
262 1443 438 1499 quamquam
458 1435 488 1481 et
507 1424 593 1482 sociis
613 1425 683 1482 dare
702 1436 816 1498 tempus
835 1423 995 1481 humandis

117 1501 310 1575 Praecipitant
330 1521 424 1572 curae,
444 1504 617 1576 turbataque
636 1503 736 1560 funere
756 1504 839 1559 mens
859 1512 912 1572 est,

117 1581 196 1637 Vota
215 1579 302 1637 deum
323 1579 417 1654 primo
436 1580 529 1639 victor
547 1582 679 1638 solvebat
700 1582 774 1638 Eoo.

119 1659 272 1732 Ingentem
293 1675 433 1732 quercum
453 1657 559 1716 decisis
578 1659 708 1733 undique
728 1657 814 1715 ramis

118 1735 277 1794 Constituit
296 1736 416 1806 tumulo,
436 1735 633 1811 fulgentiaque
652 1735 747 1794 induit
766 1755 854 1806 mma,
924 1809 927 1812 Ι

119 1811 246 1870 Mezenti
266 1813 348 1872 ducis
368 1813 493 1884 exuvias,
513 1814 575 1886 tibi,
596 1832 709 1888 magne,
731 1825 891 1888 tropaeum,

119 1891 312 1966 Bellipotens:
332 1903 413 1967 aptat
431 1903 561 1950 rorantes
579 1892 718 1967 sanguine
738 1893 846 1962 cristas,

118 1970 249 2044 Telaque
269 1981 370 2028 trunca
388 1969 448 2041 viri,
470 1981 500 2028 et
519 1971 565 2029 bis
585 1990 636 2028 sex
655 1972 774 2028 thoraca
793 1970 917 2044 petitum

121 2049 340 2123 Persossumque
360 2048 440 2120 locis,
461 2049 645 2123 clipeumque
666 2068 702 2107 ex
721 2067 787 2106 aere
807 2047 938 2106 sinistrae
1062 2069 1100 2107 10

119 2124 255 2201 Subligat,
276 2139 364 2201 atque
384 2145 483 2184 ensem
504 2129 581 2185 collo
600 2128 752 2202 suspendit
771 2128 920 2184 eburnum.

41 2201 46 2218 '
119 2204 196 2262 Tum
217 2204 320 2276 socios,
341 2223 467 2279 namque
488 2205 583 2262 omnis
604 2223 672 2262 eum
692 2204 797 2279 stipata
817 2207 935 2279 tegebat

119 2283 220 2341 Turba
239 2283 355 2350 ducum,
376 2282 417 2340 sic
437 2281 578 2357 incipiens
598 2283 728 2341 hortatur
746 2293 883 2340 ovantes:

122 2359 269 2418 ‘Maxima
287 2380 333 2419 res
354 2362 464 2430 effecta,
486 2361 537 2418 viri
547 2381 556 2432 ;
576 2362 662 2419 timor
682 2360 775 2418 omnis
795 2362 906 2432 abesto,

122 2439 226 2512 ‘Quod
247 2451 376 2513 superest
386 2459 394 2508 ;
415 2440 486 2496 haec
506 2449 573 2496 sunt
592 2440 694 2512 spolia,
715 2449 744 2496 et
764 2440 801 2497 de
821 2456 887 2512 rege
908 2439 1036 2512 superbo
1063 2458 1098 2515 ¹5

121 2515 293 2587 ‘Primitiae
308 2517 499 2590 manibusque
519 2515 591 2574 meis
612 2517 775 2574 Mezentius
794 2515 842 2573 hic
862 2527 913 2574 est

121 2595 226 2652 ‘Nunc
246 2594 300 2653 iter
318 2596 357 2653 ad
376 2613 471 2668 regem
492 2595 577 2652 nobis
597 2613 753 2669 murosque
774 2593 901 2652 Latinos.

121 2675 227 2730 ‘Arma
246 2684 344 2748 parate
364 2671 474 2742 animis,
497 2683 526 2731 et
546 2691 597 2746 spe
617 2673 790 2746 praesumite
811 2674 926 2741 bellum,

123 2753 188 2809 ‘Ne
209 2769 267 2824 qua
286 2769 367 2808 mora
386 2750 509 2824 ignaros,
529 2750 580 2808 ubi
600 2749 724 2824 primum
744 2751 849 2808 vellere
869 2749 952 2824 signa

123 2828 306 2886 ‘Adnuerint
326 2827 422 2902 superi
442 2829 609 2902 pubemque
630 2829 753 2886 educere
773 2826 882 2898 castris,
1063 2850 1101 2888 20

123 2905 287 2979 ‘Inpediat,
309 2906 440 2979 segnisve
460 2916 539 2962 metu
561 2905 705 2963 sententia
725 2906 826 2964 tardet

122 2983 256 3038 ‘Interea
276 2985 370 3039 socios
390 2984 596 3056 inhumataque
616 3002 737 3058 corpora
756 2994 847 3041 terrae

123 3054 328 3126 ‘Mandemus
349 3057 399 3129 qui
419 3061 497 3115 solus
518 3060 612 3118 honos
632 3062 798 3120 Acheronte
819 3063 874 3119 sub
893 3061 955 3120 imo
976 3075 1029 3122 est.

122 3129 131 3158 ‘
142 3127 205 3195 Ite,'
225 3129 272 3195 ait,
295 3134 437 3204 ‘egregias
457 3135 576 3207 animas,
598 3156 672 3211 quae
694 3139 832 3212 sanguine
852 3139 937 3198 nobis

124 3203 230 3258 ‘Hanc
250 3203 370 3275 patriam
391 3226 528 3283 peperere
549 3231 610 3285 suo,
632 3216 768 3274 decorate
790 3217 932 3292 supremis
1063 3239 1099 3297 ες
