2460 3686
141 85 196 124 212
386 67 422 126 P.
458 65 650 126 VERGILI
670 62 882 123 MARONIS

142 193 280 254 Loricam
300 203 467 253 consertam
486 191 582 251 hamis
602 209 733 267 auroque
752 187 883 262 trilicem,

142 276 181 333 Et
201 293 312 334 conum
332 273 454 350 insignis
474 273 575 348 galeae
595 270 755 347 cristasque
776 279 939 345 comantes,

141 357 231 412 Arma
252 354 450 431 Neoptolemi.
493 355 567 412 Sunt
587 362 618 410 et
638 371 691 411 sua
711 352 791 411 dona
811 351 932 426 parenti

142 434 236 494 Addit
256 454 349 510 equos
368 432 510 506 additque
531 434 629 503 duces,
1089 449 1147 505 470

143 514 311 590 Remigium
330 513 455 588 supplet,
479 512 575 572 socios
595 513 682 570 simul
702 511 818 570 instruit
838 510 935 571 armis

182 597 300 654 Interea
318 593 443 652 classem
462 593 535 652 velis
556 604 656 668 aptare
676 593 798 652 iubebat

141 674 295 745 Anchises,
315 673 398 732 fieret
416 684 506 732 vento
526 692 610 732 mora
630 691 668 732 ne
689 691 749 748 qua
769 670 881 732 ferenti.

144 755 241 828 Quem
264 752 376 816 Phoebi
396 752 539 828 interpres
560 755 654 813 multo
675 754 835 828 compellat
855 753 990 812 honoret

144 834 318 912 ‘Coniugio
337 833 477 904 Anchisa,
500 833 624 894 Veneris
645 835 764 909 dignate
786 833 921 908 superbo,
1088 850 1145 906 475

143 917 240 975 ‘Cura
259 918 359 986 deum,
379 913 425 972 bis
447 915 615 990 Pergameis
636 925 735 989 erepte
755 913 855 984 ruinis,

144 997 240 1054 ‘Ecce
261 994 317 1056 tibi
335 993 485 1052 Ausoniae
506 996 605 1053 tellus:
633 997 711 1052 hanc
731 993 825 1069 arripe
845 992 925 1051 velis.

144 1077 201 1134 ‘Et
221 1085 321 1135 tamen
339 1074 416 1132 hanc
437 1074 541 1150 pelago
562 1075 777 1150 praeterlabare
798 1091 919 1132 necesse
941 1083 1002 1132 est:

143 1155 312 1213 ‘Ausoniae
331 1173 398 1230 pars
419 1153 469 1212 illa
489 1157 600 1231 procul,
623 1172 713 1230 quam
733 1152 838 1230 pandit
859 1154 977 1229 Apollo.

141 1233 260 1292 ‘Vade'
282 1233 331 1306 ait,
355 1240 390 1294 ‘o
410 1234 480 1293 felix
500 1234 562 1293 nati
582 1234 700 1310 pietate.
744 1235 825 1308 Quid
845 1235 920 1292 ultra
1088 1235 1146 1304 480

143 1313 309 1374 ‘Provehor
329 1324 360 1374 et
379 1314 470 1375 lando
491 1325 642 1391 surgentes
664 1315 802 1374 demoror
821 1313 976 1372 Austros?

141 1393 207 1453 Nee
227 1393 325 1452 minus
345 1395 555 1454 Andromache
577 1395 708 1469 digressu
729 1404 843 1453 maesta
863 1411 1004 1470 supremo

141 1473 211 1533 Fert
230 1474 389 1549 picturatas
410 1475 473 1534 auri
494 1475 660 1535 subtemine
680 1486 776 1534 vestes

141 1555 182 1613 Et
203 1555 358 1631 Phrygiam
379 1554 508 1615 Ascanio
529 1557 726 1632 chlamydem,
749 1575 804 1614 nec
825 1554 905 1614 cedit
924 1551 1042 1624 honori,

140 1633 365 1710 Textilibusque
386 1647 489 1696 onerat
509 1635 598 1696 donis
618 1656 654 1695 ac
674 1635 745 1694 talia
764 1637 854 1695 fatur:
1085 1636 1143 1707 485

144 1713 273 1792 ‘Accipe
293 1727 323 1775 et
343 1717 426 1788 haec,
448 1736 590 1775 manuum
611 1716 663 1776 tibi
685 1735 761 1792 quae
780 1714 965 1775 monimenta
984 1732 1125 1771 mearum
1207 1741 1208 1794 y

143 1793 233 1867 ‘Sint‚
255 1814 335 1871 puer,
357 1807 386 1855 et
407 1798 529 1872 longum
550 1796 778 1856 Andromachae
798 1805 942 1854 testentur
962 1813 1109 1864 amorem,

143 1873 302 1951 ‘Coniugis
324 1878 502 1936 Hectoreae.
546 1878 630 1952 Cape
651 1878 732 1936 dona
752 1886 882 1934 extrema
902 1886 1032 1946 tuorum,

143 1955 188 2015 ‘0
209 1955 281 2013 mihi
302 1957 364 2015 sola
385 1956 443 2016 mei
464 1976 553 2032 super
573 1957 760 2032 Astyanactis
780 1955 886 2031 imago.
964 1980 968 1986 ’

143 2034 207 2094 ‘Sic
227 2036 339 2109 oculos,
360 2035 402 2096 sic
422 2036 472 2096 ille
491 2057 606 2110 manus,
627 2037 670 2096 sic
690 2056 742 2097 ora
760 2038 883 2107 serebat,
1082 2051 1144 2106 490

144 2117 201 2174 ‘Et
221 2135 303 2174 nunc
322 2117 438 2192 aequali
458 2128 558 2177 tecum
579 2118 754 2194 pubesceret
772 2119 865 2176 aevo.’

144 2197 211 2255 Hos
232 2215 288 2272 ego
309 2197 475 2273 digrediens
495 2197 622 2256 lacrimis
643 2198 765 2258 adfabar
784 2193 914 2256 obortisr

143 2275 257 2335 ‘Vivite
277 2277 385 2348 felices,
407 2277 515 2353 quibus
536 2288 581 2337 est
601 2279 718 2336 fortuna
737 2287 856 2353 peracta
952 2299 962 2316 -·

143 2357 225 2412 ‘Iam
247 2374 316 2418 sua:
346 2377 402 2417 nos
423 2357 480 2416 alia
500 2377 536 2418 ex
556 2357 620 2416 aliis
641 2358 671 2415 in
692 2359 752 2416 fata
771 2374 919 2416 vocamur.

144 2433 255 2494 ‘Vobis
276 2446 359 2512 parta
379 2436 471 2514 quies,
494 2438 607 2496 nullum
628 2437 716 2496 maris
737 2455 848 2512 aequor
867 2435 1021 2507 arandum,
1081 2446 1140 2506 495

143 2519 238 2575 ‘Arva
259 2535 356 2592 neque
377 2518 527 2577 Ausoniae
548 2537 665 2593 semper
685 2517 821 2576 cedentia
840 2527 917 2575 retro

143 2597 345 2672 ‘Quaerenda
389 2597 524 2674 Effigiem
544 2597 658 2656 Xanthi
678 2597 858 2672 Troiamque
878 2593 994 2666 videtis,

143 2678 259 2751 ‘Quam
280 2689 393 2738 vestrae
414 2680 509 2738 fecere
530 2697 635 2737 manus
656 2676 834 2746 melioribus,
856 2686 937 2751 opt0,

142 2757 314 2834 ‘Auspiciis
338 2769 367 2818 et
388 2778 464 2835 quae
484 2759 592 2818 fuerint
612 2757 710 2816 minus
730 2756 818 2816 obvia
839 2755 943 2816 Graiis.

141 2835 190 2896 ‘Si
210 2839 330 2914 quando
351 2838 494 2915 Thybrim
514 2837 669 2914 vicinaque
690 2834 849 2913 Thybridis
870 2853 939 2893 arva
1082 2849 1139 2908 500

142 2915 274 2977 ‘Intraro
294 2916 434 2994 gentique
454 2938 538 2979 meae
561 2919 630 2978 data
650 2917 769 2976 moenia
789 2934 917 2986 cernam,

142 2999 311 3070 ‘Cognatas
332 3001 419 3055 urbes
440 2998 511 3055 olim
532 2999 718 3072 populosque
739 2995 923 3071 propinquos

142 3074 260 3146 ‘Epirq
284 3075 439 3147 Hesperia,
462 3075 570 3149 quibus
590 3075 670 3133 idern
693 3076 850 3132 Dardanus
870 3083 973 3132 auctor

143 3151 258 3222 ‘Atque
278 3149 359 3208 idem
380 3169 472 3220 casus,
494 3171 585 3208 unam
605 3152 747 3210 faciemus
767 3163 922 3227 utramque

141 3226 277 3283 ‘Troiam
299 3225 404 3284 animis
410 3247 420 3298 ,-
447 3239 564 3286 maneat
585 3239 701 3288 nostros
721 3249 757 3288 ea
776 3248 847 3288 cura
868 3228 1012 3304 nepotes!
1083 3245 1135 3302 505

182 3303 372 3362 Provehimur
391 3305 497 3379 pelago
517 3305 614 3362 vicina
635 3307 781 3366 Ceraunia
801 3307 889 3380 iuxta,
