2494 3702
373 79 648 140 GEORGICON
661 81 745 140 LIB.
768 83 826 142 IV.
1038 99 1092 158 145

92 225 293 284 Transversas
313 220 417 282 salices
437 233 468 282 et
486 221 609 300 grandia
628 221 732 283 conice
753 242 831 297 saxa,

93 303 246 363 Pontibus
266 313 299 362 ut
320 303 428 363 crebris
449 303 564 379 possint
584 303 743 363 consistere
764 315 794 363 et
814 305 876 364 alas

94 384 236 443 Pandere
256 385 295 443 ad
315 382 458 442 aestivom
480 385 582 454 solem,
604 382 629 442 si
649 385 724 443 sorte
745 396 894 444 morantes

94 464 243 540 Sparserit
263 473 314 523 aut
334 482 475 540 praeceps
496 465 638 539 Neptuno
658 462 824 523 inmerserit
844 467 950 528 Eurus.

96 545 190 603 Haec
210 543 319 602 circum
340 543 436 603 casiae
456 543 563 603 virides
584 553 614 603 et
633 543 744 603 olentia
764 546 824 604 late
1055 567 1092 622 30

96 625 235 700 Serpulla
254 633 284 682 et
303 623 427 700 graviter
447 622 582 700 spirantis
603 623 691 699 copia
711 624 865 700 thymbrae

97 705 227 776 Floreat,
250 703 457 780 inriguumque
478 704 582 763 bibant
601 703 723 764 violaria
742 706 862 764 fontem.

98 785 174 860 Ipsa
193 795 302 856 autern,
324 803 374 843 seu
396 784 556 843 corticibus
577 783 630 843 tibi
651 796 717 843 suta
737 785 847 844 cavatis

96 865 159 923 Seu
179 865 261 924 lento
281 863 389 923 suerint
408 863 516 924 alvaria
536 863 645 924 vimine
666 875 754 939 texta,

97 947 251 1020 Angustos
272 945 400 1003 habeant
420 943 535 1004 aditus:
563 965 633 1004 nam
653 943 758 1022 frigore
778 945 866 1004 mella
1054 963 1090 1024 35

98 1024 189 1101 Cogit
209 1024 334 1100 hiemps
356 1025 521 1101 eademque
541 1026 621 1085 calor
640 1024 799 1100 liquefacta
819 1023 946 1085 remittit.

98 1106 237 1181 Utraque
256 1105 300 1163 vis
320 1104 425 1180 apibus
445 1104 552 1181 pariter
571 1106 749 1178 metuenda3
776 1124 873 1181 neque
892 1105 959 1166 illae

99 1186 291 1261 Nequiquam
311 1183 342 1242 in
363 1186 448 1244 tectis
468 1184 600 1244 certatim
621 1185 723 1244 tenuia
742 1203 809 1243 cera

97 1264 285 1340 Spiramenta
304 1264 401 1324 linunt
421 1267 549 1341 fucoque
569 1277 599 1324 et
619 1264 739 1324 floribus
761 1283 826 1324 oras

99 1347 238 1420 Explent‚
260 1346 477 1420 collectumque
498 1346 571 1404 haec
591 1347 656 1420 ipsa
676 1346 715 1404 ad
736 1363 857 1404 munera
877 1346 978 1421 gluten
1053 1366 1091 1418 40

97 1427 139 1484 Et
159 1425 241 1484 visco
262 1435 292 1483 et
313 1425 454 1502 Phrygiae
475 1436 591 1485 servant
610 1424 676 1502 pice
697 1425 805 1486 lentius
826 1427 907 1485 Idae.

94 1507 195 1580 Saepe
215 1503 305 1564 etiam
326 1505 447 1576 effossis,
468 1505 493 1566 si
512 1525 581 1566 vera
600 1518 645 1565 est
665 1508 751 1578 lama,
773 1506 891 1566 latebris

94 1585 161 1644 Sub
183 1595 258 1644 terra
277 1587 376 1645 fovere
396 1588 493 1660 larem,
515 1586 692 1662 penitusque
712 1597 844 1662 repertae

96 1663 331 1740 Pumicibusque
351 1667 430 1725 cavis
450 1685 615 1741 exesaeque
635 1666 746 1725 arboris
766 1676 860 1725 antro.

94 1747 148 1804 Tu
168 1754 269 1804 tamen
290 1757 319 1805 et
338 1745 396 1806 levi
416 1746 526 1805 rimosa
545 1745 654 1805 cubilia
673 1744 744 1805 limo
1051 1759 1087 1816 45

97 1826 211 1901 Ungue
231 1827 334 1884 fovens
355 1824 463 1884 circum
484 1837 513 1885 et
534 1845 612 1885 raras
633 1825 797 1902 superinice
816 1827 944 1886 frondes.

97 1907 171 1964 Neu
190 1904 313 1980 propius
333 1903 417 1964 tectis
438 1916 538 1964 taxum
559 1905 631 1976 sine,
653 1925 727 1965 neve
746 1909 885 1965 rubentes

97 1987 165 2045 Ure
184 1986 252 2043 foco
273 2003 403 2055 cancros,
426 1987 501 2045 altae
523 2005 581 2045 neu
601 1987 689 2046 crede
710 1985 821 2062 paludi,

96 2067 163 2123 Aut
182 2065 234 2122 ubi
254 2065 328 2123 odor
349 2064 433 2125 caeni
452 2065 546 2142 gravis
567 2076 619 2124 aut
639 2067 690 2125 ubi
710 2084 842 2125 concava
861 2065 947 2140 pulsu
996 2069 999 2073 '

96 2147 176 2204 Saxa
196 2157 302 2204 sonant
322 2145 464 2222 vocisque
484 2147 597 2204 offensa
616 2147 736 2204 resultat
756 2144 862 2220 imago.
1052 2163 1091 2221 50

139 2225 232 2299 Quod
252 2236 392 2300 superest,
413 2225 466 2284 ubi
484 2227 599 2301 pulsam
621 2224 749 2284 hiemem
771 2227 815 2283 sol
836 2242 940 2283 aureus
960 2223 1019 2301 egit

97 2304 161 2364 Sub
183 2315 272 2364 terras
293 2306 468 2381 caelumque
488 2305 599 2364 aestiva
619 2307 685 2366 luce
705 2305 832 2376 reclusit,

99 2385 173 2443 Illae
195 2385 336 2443 continuo
356 2386 447 2444 saltus
468 2383 612 2462 silvasque
633 2396 788 2461 peragrant

98 2465 325 2539 Purpureosque
345 2475 460 2526 metunt
479 2465 566 2524 flores
587 2477 617 2524 et
637 2467 759 2524 flumina
778 2464 871 2525 libant

33 2613 36 2618 ¹
97 2545 222 2602 Summa
241 2545 328 2604 leves,
371 2545 454 2604 Hinc
474 2544 575 2604 nescio
596 2565 655 2621 qua
675 2546 832 2605 dulcedine
852 2546 946 2605 laetae
1019 2573 1023 2584 ¹
1052 2563 1089 2622 55

98 2623 275 2698 Progeniem
296 2623 442 2700 nidosque
461 2627 571 2699 fovent,
593 2625 663 2685 hinc
683 2637 744 2685 arte
763 2639 897 2685 recentes

98 2703 259 2762 Excudunt
280 2722 360 2762 ceras
381 2715 411 2764 et
431 2707 520 2764 mella
539 2705 656 2764 tenacia
676 2707 798 2780 fingunt

98 2782 183 2842 Hinc
203 2782 255 2841 ubi
275 2781 334 2842 iam
356 2784 495 2856 emissum
515 2785 612 2844 caveis
632 2787 671 2845 ad
692 2785 789 2844 sidera
809 2786 882 2844 caeli

97 2865 179 2922 Nare
199 2881 252 2938 per
272 2873 414 2923 aestatem
435 2863 576 2940 liquidam
599 2865 762 2940 suspexeris
783 2883 891 2940 agmen

98 2943 323 3018 Obscuramque
343 2943 419 3002 trahi
439 2955 529 3004 vento
549 2944 691 3004 mirabere
711 2944 831 3016 nubem,
1053 2947 1090 3002 60

98 3023 342 3098 Contemplator:
371 3043 462 3099 aquas
483 3025 584 3084 dulces
604 3035 634 3084 et
654 3025 777 3084 frondea
797 3043 913 3100 semper

97 3103 192 3162 Tecta
212 3111 326 3178 petunt.
370 3106 442 3162 Huc
461 3114 494 3162 tu
515 3105 609 3164 iussos
630 3123 752 3180 asperge
773 3123 903 3181 sapores,

97 3183 181 3242 Trita
202 3181 386 3259 melisphylla
405 3193 435 3243 et
455 3183 604 3244 cerinthae
623 3185 754 3260 ignobile
773 3203 902 3260 gramen,

97 3262 297 3339 Tinnitusque
318 3263 362 3322 cie
384 3275 413 3323 et
434 3263 539 3322 Matris
559 3275 649 3340 quate
669 3266 806 3340 cymbala
826 3263 953 3322 circum:

99 3344 189 3419 Ipsae
210 3342 367 3403 consident
388 3342 542 3400 medicatis
563 3343 690 3414 sedibus,
711 3342 793 3416 ipsae
1053 3348 1089 3414 65

156 3473 180 3516 S.
197 3473 223 3515 V.
240 3471 260 3513 1.
956 3467 991 3502 10
