2494 3702
142 63 179 136 98
389 65 423 122 Ρ.
463 64 653 124 VERGJLI
674 63 884 124 MARONIS

141 223 213 280 Non
234 217 366 278 canimus
387 216 499 292 surdis3
527 217 709 294 respondent
730 217 831 277 omnia
852 218 951 278 silvae.

182 303 266 376 Quae
288 318 410 360 nemora
431 310 482 357 aut
503 297 555 374 qui
576 317 628 357 vos
649 301 739 357 saltus
760 300 898 371 habuere,
922 299 1040 375 puellae

142 382 263 453 Naides,
286 379 409 456 indigno
431 399 498 437 cum
521 380 623 438 Gallus
644 397 744 438 amore
765 378 899 455 peribat?
1109 399 1151 438 10

142 465 222 520 Nam
243 480 340 536 neque
362 459 482 519 Parnasi
503 459 588 519 vobis
608 459 685 536 iuga,
708 479 779 518 nam
799 479 898 536 neque
922 457 1010 518 Pindi

142 544 213 603 Ulla
233 560 346 601 moram
367 542 471 612 fecere,
493 558 590 615 neque
611 539 709 598 Aonie
731 539 897 616 Aganippe.

143 624 231 681 Illum
254 621 343 682 etiam
365 620 446 694 lauri,
469 620 558 679 etiam
579 621 686 679 flevere
708 621 845 696 myricae,

144 703 253 761 Pinifer
273 701 356 760 illum
378 701 466 760 etiarn
488 702 552 760 sola
573 703 627 760 sub
648 718 722 777 rupe
744 701 889 760 iacentem

144 784 299 842 Maenalus
320 792 350 841 et
370 781 459 858 gelidi
480 782 622 840 fleverunt
643 799 713 839 saxa
734 781 850 858 Lycaei.
1109 797 1147 856 15

143 866 228 924 Stant
250 874 280 922 et
300 880 370 921 oves
391 862 501 921 circum
523 860 628 939 (nostri
649 880 705 920 nec
725 861 857 937 paenitet
877 861 959 920 illas:

144 946 209 1002 Nec
230 955 259 1003 te
280 942 431 1019 paeniteat
451 942 575 1018 pecoris
600 941 700 1000 divine
721 953 826 1017 poeta;

145 1026 183 1082 Et
203 1025 349 1082 formosus
370 1042 440 1082 oves
461 1023 500 1081 ad
520 1022 642 1080 flumina
662 1022 744 1098 pavit
764 1021 899 1099 Adonis),

143 1102 234 1162 Venit
255 1113 285 1162 et
305 1101 404 1179 upilio,
427 1102 503 1162 tardi
524 1121 631 1162 venere
652 1101 774 1174 subulci,
1085 1151 1087 1156 .

144 1183 262 1244 Uvidus
282 1183 405 1242 hiberna
425 1183 505 1242 venit
526 1183 564 1242 de
585 1183 691 1259 glande
714 1185 875 1242 Menalcas
1107 1201 1148 1240 20

145 1267 258 1325 Omnes
281 1265 378 1323 ‘unde
398 1283 481 1322 amor
501 1263 571 1322 iste'
592 1261 696 1339 rogan't
718 1261 825 1322 ‘tibiP'
869 1261 960 1321 Venit
982 1262 1111 1337 Apollo:

146 1346 256 1416 ‘Galle
279 1343 351 1419 quid
372 1343 520 1402 insanis?'
541 1343 645 1418 inquit,
670 1349 736 1401 ‘tua
757 1363 826 1402 cura
848 1343 969 1419 Lycoris

147 1428 276 1500 ‘Perque
296 1424 378 1483 nives
400 1424 488 1482 alium
510 1443 622 1500 perque
643 1423 760 1482 horrida
780 1433 876 1482 castra
897 1432 998 1482 secuta
1018 1423 1081 1482 est'

145 1505 235 1564 Venit
255 1516 285 1564 et
306 1504 411 1580 agresti
432 1504 536 1580 capitis
556 1504 689 1563 Silvanus
710 1505 823 1563 honore

146 1588 299 1645 Florentes
319 1587 424 1644 ferulas
446 1595 475 1644 et
495 1585 617 1662 grandia
638 1584 698 1643 lilia
719 1603 869 1658 quassans,
933 1607 935 1612 ¹
1107 1602 1123 1639 2
1128 1597 1144 1657 5

146 1669 210 1724 Pan
232 1666 305 1724 deus
326 1664 470 1723 Arcadiae
490 1664 579 1737 venit,
602 1683 690 1740 quem
712 1664 838 1723 vidimus
859 1663 917 1740 ipsi

147 1743 320 1821 Sanguineis
342 1746 421 1804 ebuli
443 1745 542 1805 baccis
563 1743 715 1820 minioque
736 1746 900 1804 mbentem.

149 1825 277 1902 ‘Ecquis
297 1825 352 1884 erit
372 1827 513 1885 modus?'
540 1823 642 1900 inquit.
687 1828 797 1883 ‘Amor
816 1844 878 1883 non
899 1824 968 1883 talia
987 1833 1087 1883 curat:

149 1909 231 1966 ‘Nec
253 1905 379 1964 lacrimis
400 1905 526 1964 crudelis
548 1908 648 1976 Amor,
671 1923 727 1964 nec
748 1905 879 1980 gramina
899 1904 976 1972 rivis,

149 1989 232 2046 ‘Nec
252 1985 345 2062 cytiso
366 1996 532 2044 saturantur
552 2004 632 2060 apes,
654 2004 710 2043 nec
730 1986 834 2045 fronde
855 1985 1003 2060 capellae.’
1107 2001 1147 2058 30

147 2065 252 2126 Tristis
273 2065 372 2126 atille
395 2069 527 2125 ‘Tamen
548 2065 712 2136 cantabitis,
736 2067 887 2136 Arcades'
908 2063 1012 2140 inquit,

151 2147 324 2206 ‘Montibus
344 2147 418 2205 haec
439 2146 550 2216 vestris,
572 2146 627 2204 soli
647 2155 766 2204 cantare
787 2145 872 2221 periti

150 2227 305 2286 ‘Arcades
349 2228 377 2286 O
399 2225 471 2284 mihi
493 2236 557 2284 tum
578 2245 667 2301 quam
689 2225 816 2284 molliter
836 2245 903 2284 ossa
924 2224 1085 2301 quiescant,

150 2310 272 2366 ‘Vestra
293 2325 376 2365 meos
397 2306 467 2365 olim
491 2306 514 2364 si
536 2307 633 2364 fistula
653 2304 732 2364 dicat
752 2310 884 2366 amores!

151 2390 267 2462 ‘Atque
287 2385 399 2444 utinam
421 2406 456 2445 ex
477 2385 561 2444 vobis
583 2405 659 2444 unus
679 2387 840 2461 vestrisque
860 2385 979 2445 fuissem
1107 2401 1145 2460 35

153 2469 230 2525 ‘Aut
251 2476 349 2524 custos
369 2467 463 2541 gregis
485 2477 535 2524 aut
556 2476 688 2525 maturae
709 2465 816 2525 vinitor
836 2470 928 2526 uvae!

152 2546 256 2606 ‘Certe
278 2545 338 2604 sive
359 2545 432 2603 mihi
454 2546 563 2622 Phyllis
585 2545 645 2605 sive
667 2556 743 2605 esset
762 2549 907 2622 Amyntas

152 2627 225 2686 ‘Seu
247 2625 427 2701 quicumque
448 2626 527 2685 furor
535 2625 657 2701 :-quid
679 2637 750 2697 tum,
774 2626 797 2685 si
817 2628 915 2685 fuscus
937 2625 1103 2702 Amyntas?

150 2709 208 2764 ‘Et
229 2705 328 2782 nigrae
349 2705 445 2765 violae
467 2717 535 2765 sunt
556 2717 585 2765 et
606 2706 738 2764 vaccinia
759 2706 842 2782 nigra
853 2728 901 2764 :-

153 2788 289 2844 ‘Mecum
311 2785 388 2845 inter
407 2786 510 2846 salices
531 2788 610 2845 lenta
632 2788 687 2845 sub
706 2785 766 2845 vite
787 2788 912 2845 iaceret:
1108 2803 1146 2856 40

152 2868 252 2926 ‘Serta
271 2865 344 2924 mihi
366 2866 475 2943 Phyllis
496 2868 615 2942 legeret,
637 2876 769 2925 cantaret
790 2869 943 2942 Amyntas.

152 2945 231 3004 ‘Hic
251 2945 341 3022 gelidi
361 2947 466 3019 fontes,
488 2945 536 3005 hic
557 2945 659 3005 mollia
679 2957 771 3022 prata,
794 2945 908 3022 Lycori,

153 3024 233 3083 ‘Hic
253 3044 375 3084 nemus:
404 3026 452 3084 hic
472 3023 538 3100 ipso
560 3036 658 3084 tecum
680 3045 869 3086 consumerer
889 3043 972 3086 aevo.

153 3106 258 3161 ‘Nunc
278 3103 398 3160 insanus
418 3106 511 3162 Amor
531 3104 595 3162 duri
616 3124 664 3164 me
686 3105 789 3163 Martis
809 3104 840 3163 in
861 3105 950 3164 armis

153 3184 245 3240 ‘Tela
264 3183 341 3239 inter·
361 3181 460 3239 media
480 3191 569 3256 atque
589 3184 729 3242 adversos
750 3183 863 3244 detinet
884 3185 1002 3243 hostes:
1109 3199 1143 3258 45

153 3263 218 3318 ‘Tu
239 3261 343 3335 procul
363 3278 381 3316 a
402 3259 496 3334 patria
517 3259 586 3336 (nec
608 3261 645 3318 sit
666 3261 737 3318 mihi
758 3263 878 3323 credere
898 3261 1026 3338 tantum)

155 3339 295 3413 ‘Alpinas
315 3339 354 3396 ah
375 3340 449 3396 dura
469 3338 550 3397 nives
573 3349 602 3396 et
622 3339 728 3414 frigora
750 3341 848 3399 Rheni
