2462 3678
362 115 603 174 Aruernos
629 115 714 173 ala.
749 116 834 173 ΠΗ.
1033 133 1091 190 319

77 245 176 303 Inde
196 241 246 301 alii
266 241 375 302 Troiae
394 261 551 318 proceres;
580 242 643 318 ipse
661 242 778 319 agmine
797 247 892 304 Pallas

78 326 133 382 In
155 323 265 393 medio,
287 324 444 398 chlamyde
460 333 490 381 et
508 321 594 398 pictis
612 337 788 398 conspectus
808 324 839 384 in
857 325 962 386 amis:

80 402 203 477 Qualis
220 401 271 461 ubi
290 402 404 463 Oceani
423 403 555 479 perfusus
580 402 699 462 Lucifer
714 404 802 477 unda,

81 485 198 558 Quem
215 485 318 541 Venus
334 493 402 542 ante
423 482 496 541 alios
515 493 658 542 astrorum
677 482 770 559 diligit
787 483 876 561 ignes,
1034 500 1092 560 590

81 561 209 622 Extulit
225 581 259 621 os
277 581 393 620 sacrum
414 563 497 622 caelo
518 563 714 638 tenebrasque
734 564 858 623 resolvit„

85 645 182 701 Stant
199 640 324 718 pavidae
340 641 372 700 in
390 641 480 700 muris
501 653 616 712 matres,
639 642 791 717 oculisque
809 655 971 719 sequuntur

87 724 271 781 Pulveream
290 722 400 781 nubem
417 732 447 781 et
464 722 609 797 fulgentes
629 741 695 782 aere
712 733 850 782 catervas.

89 801 158 862 Olli
177 821 229 876 per
249 803 364 871 dumos,
384 819 444 876 qua
461 820 603 877 proxuma
621 815 702 862 meta
719 802 840 874 viarum,

88 881 211 941 Armati
227 882 369 942 tendunt:
401 881 424 940 it
440 882 558 950 clamor,
578 893 608 941 et
623 882 742 957 agmine
762 883 841 942 facto
1034 899 1089 959 595

90 961 352 1037 Quadrupedante
371 975 486 1037 putrem
508 961 606 1019 sonitu
624 962 719 1037 quatit
735 964 845 1038 ungula
861 981 1008 1038 campum.

90 1044 152 1100 Est
171 1041 275 1116 ingens
293 1040 424 1115 gelidum
444 1043 528 1099 lucus
547 1060 639 1117 prope
658 1041 784 1102 Caeritis
804 1062 931 1114 amnem,

90 1120 255 1197 Religione
277 1131 394 1197 patrum
415 1122 472 1179 late
491 1139 590 1194 sacer;
612 1121 744 1197 undique
762 1123 853 1181 colles

90 1201 248 1260 Inclusere
267 1199 331 1258 cavi
351 1211 382 1259 et
397 1200 479 1277 nigra
497 1219 602 1259 nemus
620 1200 718 1260 abiete
739 1201 868 1278 cingunt.

89 1281 216 1340 Silvano
233 1281 311 1339 lama
327 1291 371 1339 est
392 1292 504 1340 veteres
527 1300 655 1340 sacrasse
675 1283 821 1356 Pelasgos,
1033 1282 1091 1338 600

89 1365 244 1420 Arvorum
264 1360 438 1436 pecorisque
456 1362 523 1430 deo,
543 1363 703 1437 lucumque
722 1361 870 1436 diemque,

91 1441 156 1515 Qui
179 1440 265 1515 primi
283 1442 357 1499 fines
379 1440 538 1515 aliquando
554 1441 684 1499 habuere
700 1442 829 1500 Latinos

92 1522 193 1579 Haud
210 1522 312 1595 procul
329 1519 399 1578 hinc
419 1520 537 1579 Tarcho
555 1532 584 1579 et
600 1521 743 1596 Tyrrheni
764 1532 827 1580 tuta
847 1521 988 1580 tenebant

92 1602 203 1660 Castra
221 1600 302 1672 locis,
322 1601 462 1674 celsoque
481 1600 577 1658 omnis
595 1601 633 1659 de
652 1601 728 1659 colle
746 1600 838 1660 videri

92 1683 162 1739 Iam
181 1689 297 1756 poterat
314 1679 399 1756 legio,
419 1689 449 1737 et
465 1678 530 1737 latis
548 1680 689 1738 tendebat
707 1679 738 1738 in
757 1681 840 1740 arvis.
1033 1682 1089 1756 605

93 1762 170 1818 Huc
189 1770 272 1836 pater
292 1761 409 1819 Aeneas
426 1769 455 1818 et
475 1759 554 1818 bello
572 1761 648 1818 lecta
669 1759 803 1819 iuventus

92 1841 274 1910 Succedunt,
294 1838 420 1914 fessique
437 1849 467 1898 et
486 1858 578 1914 equos
596 1850 627 1898 et
644 1858 769 1915 corpora
787 1851 898 1898 curant

137 1922 179 1979 At
197 1922 300 1979 Venus
317 1919 462 1978 aetherios
479 1918 554 1978 inter
573 1919 630 1977 dea
647 1919 775 1978 candida
794 1918 911 1978 nimbos

94 2003 189 2060 Dona
207 2001 302 2058 ferens
320 2001 440 2073 aderat;
472 2010 634 2074 natumque
654 1998 685 2056 in
703 1999 778 2057 valle
796 1999 918 2057 reducta

94 2083 142 2141 Ut
163 2081 265 2155 procul
285 2090 314 2138 et
332 2079 431 2154 gelido
452 2089 596 2138 secretum
614 2077 735 2136 flumine
752 2077 833 2149 vidit,
1032 2080 1092 2135 610

93 2159 220 2230 Talibus
239 2160 338 2218 adfata
359 2170 403 2218 est
421 2157 516 2229 dictis,
536 2177 628 2233 seque
645 2156 751 2217 obtulit
769 2158 862 2218 ultro:

95 2241 163 2299 ‘En
184 2241 313 2315 perfecta
329 2238 388 2298 mei
403 2238 546 2314 promissa
564 2237 695 2314 coniugis
715 2248 776 2297 arte

97 2323 253 2390 ‘Munera
275 2338 314 2378 ne
331 2338 402 2378 mox
422 2328 473 2377 aut
494 2319 664 2389 Laurentes,
683 2328 759 2389 nate,
779 2318 930 2393 superbos

96 2403 177 2459 ‘Aut
197 2418 294 2457 acrem
314 2398 432 2458 dubites
452 2397 483 2456 in
501 2397 612 2474 proelia
632 2415 753 2473 poscere
769 2398 923 2457 Tumum.’

97 2478 190 2551 Dixit,
213 2490 243 2538 et
259 2479 412 2555 amplexus
432 2478 494 2537 nati
512 2478 659 2553 Cytherea
674 2477 777 2554 petivit
782 2499 791 2550 ;
1032 2478 1088 2553 615

96 2563 190 2618 Arma
208 2560 262 2619 sub
282 2560 406 2618 adversa
422 2557 520 2634 posuit
541 2557 685 2617 radiantia
701 2577 819 2635 quercu.

99 2640 154 2698 Ille
175 2640 248 2698 deae
264 2637 353 2699 donis
370 2648 401 2697 et
422 2647 505 2697 tanto
526 2639 620 2697 laetus
637 2638 750 2697 honore

98 2719 217 2795 Expleri
235 2718 345 2794 nequit,
363 2729 452 2793 atque
473 2719 575 2777 oculos
594 2737 647 2794 per
670 2717 785 2792 singula
802 2715 900 2787 volvit,

100 2799 282 2874 Miraturque
300 2798 436 2873 interque
455 2817 559 2856 manus
576 2808 607 2856 et
628 2795 764 2855 bracchia
784 2806 880 2854 versat

98 2878 271 2938 Terribilem
292 2877 385 2939 cristis
409 2879 524 2954 galeam
541 2878 733 2950 flammasque
753 2886 929 2945 vomentem,
1033 2878 1091 2933 620

98 2957 317 3034 Fatilerumque
335 2976 445 3028 ensem,
466 2957 587 3017 loricam
608 2975 645 3014 ex
662 2974 730 3014 aere
749 2954 899 3030 rigentem,

99 3038 300 3116 Sanguineam,
320 3038 480 3114 ingentem,
502 3036 596 3112 qualis
615 3054 683 3094 curn
704 3035 820 3092 caerula
838 3035 933 3095 nubes

99 3117 171 3179 Solis
189 3117 346 3178 inardescit
364 3117 453 3176 radiis
470 3118 617 3193 longeque
634 3116 757 3190 refulget
766 3135 775 3186 3

98 3201 175 3257 Tum
193 3200 273 3258 leves
293 3216 395 3258 ocreas
415 3198 524 3258 electro
547 3213 677 3271 auroque
696 3205 822 3266 recocto,

100 3275 292 3354 Hastamque,
312 3290 342 3338 et
362 3277 449 3353 clipei
467 3295 529 3334 non
547 3273 707 3334 enarrabile
727 3284 849 3334 textum.
1031 3277 1088 3349 625

100 3357 161 3416 lllic
179 3377 225 3417 res
248 3358 338 3416 Italas
355 3361 619 3430 Romanorumque
638 3353 810 3430 triumphos,
