2460 3686
370 109 609 171 AENEIDOS
635 112 717 170 ΗΒ.
740 112 797 172 IV.

66 265 157 338 Ipse
177 262 253 340 iugis
275 262 384 340 Cynthi
404 263 542 340 graditur,
564 264 706 340 mollique
727 265 867 325 fluentem

65 344 207 403 Fronde
227 343 335 419 premit
354 343 465 404 crinem
486 346 607 420 fingens
631 359 721 420 atque
741 344 861 419 inplicat
882 363 969 418 auro,

64 425 162 482 Tela
183 433 291 482 sonant
312 424 437 483 umeris:
459 425 538 483 haud
560 424 610 483 illo
631 424 749 500 segnior
768 425 830 485 ibat

66 505 223 578 Aeneas;
249 513 364 562 tantum
386 505 502 581 egregio
523 506 614 564 decus
635 505 726 564 enitet
747 523 804 564 ore.
1023 523 1079 580 150

69 585 250 658 Postquam
271 585 345 643 altos
365 596 486 644 ventum
505 583 538 644 in
558 595 675 644 montes
695 595 783 660 atque
803 584 883 644 invia
902 586 1000 658 lustra,

70 664 166 722 Ecce
187 665 275 735 ferae,
296 662 357 722 saxi
378 664 511 724 deiectae
531 664 648 736 vertice,
671 683 776 741 caprae

70 745 249 802 Decurrere
269 744 361 820 iugis3
390 746 448 803 alia
468 747 507 804 de
528 756 610 820 parte
630 756 766 822 patentes

70 823 301 884 Transmittunt
321 845 407 883 cursu
428 844 550 902 campos
570 836 660 901 atque
680 825 797 902 agmina
817 825 894 885 cervi

74 904 293 963 Pulverulenta
313 907 380 981 fuga
399 907 564 982 glomerant
584 917 760 981 montesque
780 906 954 982 relinquunt
1021 924 1074 983 155

75 985 126 1042 At
146 1002 220 1059 puer
239 985 382 1044 Ascanius
403 985 507 1045 mediis
528 985 559 1044 in
579 986 703 1046 vallibus
724 985 784 1045 acri

78 1063 204 1123 Gaudet
225 1083 311 1140 equ0,
332 1065 451 1141 iamque
471 1067 526 1125 hos
547 1086 643 1139 cursu,
664 1066 724 1125 iam
744 1065 880 1143 praeterit
900 1065 975 1139 illos,

77 1145 337 1220 Spumantemque
358 1145 420 1204 dari
441 1165 551 1221 pecora
571 1146 646 1205 inter
666 1145 771 1205 inertia
791 1145 868 1205 votis

78 1224 178 1299 Optat
198 1243 310 1301 aprum,
332 1236 382 1285 aut
401 1227 513 1286 fulvom
534 1227 715 1287 descendere
735 1236 838 1286 monte
858 1227 984 1286 leonem.

124 1306 242 1364 Interea
262 1324 369 1382 magno
390 1306 507 1366 misceri·
526 1325 674 1366 murmure
694 1308 808 1365 caelum
1019 1311 1075 1363 160

78 1382 213 1460 Incipit;
240 1384 403 1461 insequitur
423 1386 584 1446 commixta
603 1385 746 1463 grandine
767 1387 893 1447 nimbus.

77 1465 122 1522 Et
142 1464 223 1538 Tyrii
243 1465 366 1526 comites
386 1467 496 1542 passim
517 1478 547 1527 et
567 1467 698 1526 Troiana
717 1466 854 1526 iuventus

77 1543 308 1622 Dardaniusque
328 1565 423 1623 nepos
442 1547 567 1606 Veneris
588 1546 702 1607 diversa
721 1566 774 1623 per
793 1567 877 1623 agros

76 1625 176 1683 Tecta
196 1638 277 1685 metu
298 1625 426 1702 petiere:
453 1637 541 1686 ruunt
561 1629 600 1686 de
622 1627 772 1686 montibus
793 1647 903 1688 amnes

76 1704 259 1779 Speluncam
280 1705 362 1766 Dido
383 1709 444 1766 dux
464 1718 493 1767 et
513 1706 659 1766 Troianus
679 1708 805 1767 eandem
1017 1709 1070 1782 165

77 1784 257 1845 Deveniunt.
300 1786 398 1846 Prima
418 1797 448 1846 et
468 1789 570 1846 Tellus
591 1797 621 1847 et
641 1787 774 1864 pronuba
796 1789 873 1847 Iuno

77 1865 164 1923 Dant
184 1864 318 1942 signum:
344 1868 450 1927 fulsere
471 1867 562 1943 ignes,
585 1878 616 1926 et
635 1867 771 1927 conscius
791 1870 892 1927 aether

77 1943 232 2018 Conubiis,
255 1965 432 2024 summoque
452 1949 599 2006 ulularunt
619 1948 728 2008 vertice
750 1949 915 2024 Nymphae.

76 2024 135 2083 Ille
156 2023 220 2085 dies
240 2025 352 2102 primus
372 2027 423 2087 leti
443 2027 613 2105 primusque
633 2029 779 2087 malorum

76 2107 179 2165 Causa
198 2105 258 2165 fuit.
303 2109 410 2183 Neque
431 2107 510 2166 enim
531 2107 630 2184 specie
649 2110 763 2166 famave
784 2116 926 2178 movetur,
1015 2122 1071 2179 170

76 2187 144 2244 Nec
165 2185 224 2244 iam
244 2187 382 2246 furtivum
404 2187 485 2248 Dido
505 2189 663 2248 meditatur
683 2205 831 2246 amorem:

76 2264 259 2341 Coniugium
279 2278 366 2326 vocat
376 2288 384 2341 ;
411 2269 469 2327 hoc
490 2267 635 2344 praetexit
655 2267 776 2327 nomine
797 2268 921 2341 culpam.

117 2347 277 2422 Extemplo
298 2347 410 2424 Libyae
430 2368 551 2425 magnas
572 2348 596 2407 it
616 2351 708 2407 Fama
729 2366 781 2423 per
801 2350 897 2420 urbes,

75 2426 180 2497 Fama,
202 2428 313 2485 malum
334 2447 393 2504 qua
413 2447 474 2500 non
495 2428 576 2487 aliud
596 2427 724 2487 velocius
744 2429 857 2485 ullum:

76 2504 247 2566 Mobilitate
266 2506 353 2583 viget,
374 2507 508 2584 viresque
528 2507 656 2584 adquirit
676 2508 774 2567 eundo
784 2527 793 2580 ;
1013 2523 1067 2581 175

75 2586 172 2644 Parva
193 2596 274 2664 metu
294 2587 408 2664 prim03
435 2608 505 2648 mox
526 2607 590 2648 sese
611 2587 718 2648 attollit
737 2587 768 2646 in
789 2607 883 2658 auras,

75 2665 303 2742 Ingrediturque
323 2669 396 2743 solo,
418 2679 448 2728 et
468 2679 558 2744 caput
578 2667 654 2728 inter
674 2669 776 2728 nubila
795 2666 905 2726 condit.

74 2747 163 2808 Illam
183 2749 274 2806 Terra
294 2766 408 2824 parens,
429 2746 472 2806 ira
491 2748 609 2807 inritata
629 2750 761 2816 deorum,

73 2827 255 2899 Extremam,
277 2837 310 2886 ut
330 2826 494 2903 perhibent,
515 2830 601 2889 Coeo
623 2829 832 2901 Enceladoque
852 2842 982 2884 sororem

73 2905 243 2982 Progenuit,
265 2907 390 2983 pedibus
410 2910 536 2967 celerem
557 2918 587 2967 et
606 2906 773 2984 pernicibus
793 2905 864 2977 alis3
1013 2905 1068 2961 180
1137 2931 1141 2936 ·
1166 2951 1173 2970 .,
1206 2977 1214 2990 .

74 2987 246 3045 Monstrum
260 2988 447 3061 horrendum,
459 2987 572 3064 ingens,
584 2987 633 3046 cui
647 2997 720 3062 quot
730 2994 798 3045 sunt
809 3003 930 3061 corpore
941 2984 1068 3060 plumae,

72 3067 135 3125 Tot
154 3065 256 3143 vigiles
276 3067 355 3126 oculi
376 3069 484 3141 subter,
506 3066 639 3127 mirabile
660 3065 748 3137 dictu,

72 3146 135 3204 Tot
154 3145 281 3223 linguae,
304 3147 428 3207 totidem
449 3167 501 3207 ora
521 3157 636 3221 sonant,
660 3157 705 3206 tot
726 3142 847 3221 subrigit
867 3162 959 3203 aures.

74 3226 173 3285 Nocte
193 3228 276 3286 volat
295 3226 369 3286 caeli
390 3227 489 3287 medio
511 3238 662 3303 terraeque
682 3245 736 3303 per
755 3227 889 3284 umbram

74 3302 214 3379 Stridens,
237 3325 294 3366 nec
314 3305 393 3366 dulci
413 3306 542 3367 declinat
561 3307 673 3365 lumina
693 3323 806 3365 somno.
1012 3303 1065 3376 185

75 3385 156 3444 Luce
177 3387 262 3445 sedet
282 3397 381 3446 custos
402 3397 452 3446 aut
473 3385 581 3446 summi
601 3384 729 3446 culmine
749 3382 825 3454 tecti,
