2468 3692
157 123 215 199 356
408 119 443 180 P.
478 119 668 179 aaron]
689 117 904 178 Marsorum

160 252 233 310 ‘Per
251 247 340 326 patris
357 248 524 326 hospitium,
544 261 573 309 et
590 268 713 322 mensas,
733 267 804 322 quas
823 246 937 304 advena
955 240 1052 314 adisti,
1087 246 1144 313 460

159 331 220 388 ‘Te
242 347 351 404 precor,
373 328 484 401 Alcide,
506 327 616 403 coeptis
637 327 801 402 ingentibus
822 325 907 383 adsis.

160 409 285 467 ‘Cernat
306 406 443 465 semineci
465 405 519 465 sibi
540 426 588 464 me
609 425 708 480 rapere
730 423 809 462 anna
830 411 967 475 cruenta3

160 485 383 560 ‘Victoremque
404 487 496 544 ferant
516 483 667 543 morientia
689 482 798 540 lumina
818 479 927 539 Tumi’

160 563 261 622 Audiit
281 562 399 621 Alcides
420 563 561 635 iuvenem,
585 579 779 637 magnumque
802 562 855 618 sub
876 559 936 616 imo

161 643 258 700 Corde
278 641 382 717 premit
402 641 549 716 gemitum,
571 641 763 713 lacrimasque
786 637 907 697 effundit
928 636 1039 694 inanes.
1085 637 1142 710 465

160 721 238 776 Tum
260 719 381 778 Genitor
402 730 502 777 natum
524 719 608 777 dictis
629 719 742 777 adfatur
762 717 880 775 amicis:

162 799 240 856 ‘Stat
262 815 313 854 sua
334 797 438 872 cuique
460 797 540 868 dies3
562 799 649 856 breve
671 807 700 854 et
721 795 910 869 inreparabile
931 803 1048 867 tempus

162 874 323 933 ‘Omnibus
345 886 389 933 est
408 875 501 934 vitae:
525 877 577 935 sed
599 877 705 932 famam
727 874 882 932 extendere
903 871 995 941 factis,

163 955 250 1011 ‘Hoc
270 952 381 1011 virtutis
404 972 484 1028 opus
526 953 632 1012 Troiae
654 954 708 1011 sub
730 951 882 1010 moenibus
903 949 968 1008 altis

163 1033 238 1088 ‘Tot
257 1031 337 1106 gnati
359 1031 490 1090 cecidere
511 1032 616 1103 denm;
640 1031 711 1106 quin
733 1029 840 1088 occidit
861 1048 920 1086 una
1084 1044 1144 1101 470

163 1111 335 1183 ‘Sarpedon
359 1128 425 1168 mea
445 1109 603 1184 progenies
646 1108 741 1168 Etiam
764 1127 816 1166 sua
837 1110 969 1165 Turnum

163 1189 253 1244 ‘Fata
271 1198 385 1258 vocant,
406 1198 556 1262 metasque
577 1187 638 1245 dati
657 1185 787 1262 pervenit
806 1187 845 1244 ad
866 1185 947 1244 aevi'

162 1265 210 1325 Sia
228 1265 276 1335 ait,
298 1275 385 1340 atque
406 1269 506 1324 oculos
527 1267 701 1324 Rutulorum
721 1263 812 1323 reiicit
832 1265 913 1322 arvis

162 1346 203 1401 At
224 1345 318 1402 Pallas
338 1342 449 1418 magnis
469 1343 574 1404 emittit
593 1343 699 1402 viribus
719 1345 841 1414 hastam,

162 1420 333 1496 Vaginaque
354 1440 425 1479 cava
446 1424 602 1497 fulgentem
625 1421 729 1497 deripit
751 1439 857 1480 ensem.
1085 1437 1139 1496 475

164 1501 220 1557 Illa
240 1501 349 1572 volans,
390 1501 482 1558 umeri
503 1511 621 1575 surgunt
641 1519 698 1574 qua
718 1499 845 1574 tegmina
865 1517 985 1569 summa,

164 1577 280 1649 Incidit,
302 1589 397 1652 atque,
419 1578 496 1637 viam
517 1579 603 1654 clipei
624 1578 725 1637 molita
747 1597 799 1653 per
820 1597 891 1649 oras

162 1657 296 1713 Tandem
317 1657 404 1713 etiam
425 1675 532 1731 magno
553 1657 665 1716 strinxit
684 1657 721 1715 de
742 1675 862 1730 corpore
883 1655 981 1714 Turni.

163 1733 224 1791 Hic
245 1735 359 1792 Turnus
379 1735 453 1793 ferro
473 1737 631 1810 praefixum
653 1737 739 1794 robur
759 1745 846 1794 acuto

162 1813 199 1869 In
222 1813 353 1871 Pallanta
374 1813 423 1871 diu
446 1814 551 1872 librans
573 1813 648 1884 iacit,
671 1824 760 1888 atque
781 1813 822 1870 ita
842 1815 935 1870 satur:
1083 1815 1141 1883 480

164 1891 316 1966 ‘Adspice,
338 1910 512 1966 numumage
532 1891 570 1950 sit
591 1902 720 1950 nostrum
741 1892 918 1966 penetrabile
940 1892 1049 1949 telum!

163 1967 301 2042 Dixerat;
324 1980 354 2027 at
375 1969 508 2044 clipeum,
530 1981 575 2028 tot
595 1969 660 2028 ferri
681 1979 768 2044 terga,
791 1979 835 2028 tot
855 1969 935 2038 aeris,

163 2047 260 2119 Quem
281 2047 364 2122 pellis
387 2048 492 2106 totiens
513 2049 600 2106 obeat
620 2048 796 2106 circumdata
817 2047 898 2118 tauri,

161 2125 294 2184 Vibranti
315 2126 442 2184 medium
465 2125 561 2200 cuspis
582 2128 791 2184 transverberat
812 2125 879 2197 ictu,

162 2203 341 2279 Loricaeque
360 2222 455 2262 moras
476 2215 504 2262 et
524 2215 625 2279 pectus
644 2205 769 2279 perforat
788 2204 897 2278 ingens.
1082 2208 1138 2280 485

162 2282 217 2340 Ille
237 2283 311 2356 rapit
331 2282 455 2340 calidum
478 2283 579 2340 frustra
601 2284 638 2341 de
658 2283 774 2341 volnere
797 2284 902 2340 telum:

163 2360 233 2416 Una
253 2360 414 2434 eademque
435 2360 482 2418 via
503 2359 618 2435 sanguis
638 2360 809 2434 animusque
830 2372 997 2434 sequuntur.

163 2437 278 2496 Corruit
299 2437 329 2496 in
349 2440 470 2509 volnus,
495 2439 619 2496 sonitum
642 2457 728 2513 super
748 2456 828 2496 arma
849 2439 956 2497 dedere
965 2459 974 2510 ;

162 2517 201 2574 Et
221 2525 325 2574 terram
344 2515 478 2575 hostilem
499 2517 625 2574 moriens
644 2515 719 2590 petit
738 2535 788 2574 ore
809 2527 935 2574 cruente.

163 2596 259 2668 Quem
281 2598 395 2653 Turnus
418 2613 503 2668 super
522 2594 684 2652 adsistens:
1083 2615 1141 2671 490

163 2674 316 2746 ‘Arcades
336 2673 427 2743 haec‚'
447 2671 547 2746 inquit,
572 2676 731 2731 ‘memores
752 2692 819 2730 mea
840 2672 918 2730 dicta
936 2673 1043 2732 referte

163 2753 335 2811 ‘Euandroz
360 2751 483 2824 Qualem
503 2750 615 2821 meruit,
639 2752 769 2809 Pallanta
790 2751 912 2809 remitto,

163 2829 318 2904 ‘Quisquis
339 2830 434 2888 honos
456 2829 566 2900 tumuli,
588 2827 729 2903 quidquid
749 2831 879 2887 solamen
899 2829 1116 2899 humandi‘est¹

162 2907 305 2982 ‘Largior
347 2908 438 2965 Haud
459 2906 499 2964 illi
521 2907 638 2964 stabunt
658 2906 771 2964 Aeneia
791 2925 880 2982 parvo

160 2985 332 3058 ‘Hospitia'
373 2986 412 3044 Et
432 2987 516 3042 laevo
536 2983 640 3058 pressit
660 2985 743 3059 pede,
767 2984 835 3042 talia
855 2986 938 3056 satus,
1084 3003 1140 3062 495

162 3061 341 3130 Exanimem,
364 3062 478 3135 rapiens
499 3061 627 3120 inmania
648 3063 778 3136 pondera
797 3062 894 3134 baltei,

161 3137 386 3210 Inpressumque
407 3140 505 3195 nefas:
528 3157 587 3195 una
609 3141 663 3198 snb
684 3151 771 3198 nocte
791 3139 878 3214 iugali

161 3212 255 3267 Caesa
274 3229 377 3268 manus
397 3213 531 3271 iuvenum
551 3216 645 3286 foede,
667 3215 842 3292 thalamique
863 3218 994 3294 cruenti,

161 3285 245 3358 Quae
266 3288 377 3345 Clonus
398 3290 550 3365 Eurytides
569 3295 661 3353 multo
681 3297 841 3355 caelaverat
861 3315 949 3360 auro:
