2462 3678
149 66 207 138 264
400 66 436 124 a
470 66 664 126 Vnacrtr
683 65 896 126 Maronis

152 191 265 267 ‘Carpe
286 210 390 264 manu;
418 211 547 268 namque
568 192 631 269 ipse
650 193 753 252 volens
773 191 925 269 facilisque
949 206 1117 272 sequetur,

151 270 198 330 ‘Si
219 282 248 330 te
268 272 328 330 sata
347 282 472 332 vocant:
501 274 584 331 aliter
603 292 665 332 non
685 272 796 332 viribus
815 273 882 332 ullis

151 349 295 411 ‘Vincere
315 371 372 412 nec
392 353 467 413 duro
488 353 597 429 poteris
617 353 783 413 convellere
803 355 886 414 ferro,

151 434 320 492 ‘Praeterea
340 432 417 493 iacet
437 433 606 494 exanimum
627 433 682 493 tibi
703 453 809 510 corpus
829 433 924 507 amici,

150 511 252 590 ι(Ηειι
267 511 392 592 nesc1sll
414 523 566 590 totamque
588 512 714 574 incestat
734 517 837 574 funere
858 516 995 589 classem,
1113 538 1170 595 150
1217 531 1218 580 Ξ

149 594 248 650 ‘Dum
269 595 404 653 consulta
424 593 499 670 petis
520 606 681 671 nostroque
701 594 732 654 in
753 594 854 655 limine
874 598 999 672 pendes.

149 671 293 733 ‘Sedibus
314 674 393 732 hunc
413 676 576 736 reserante
597 675 665 748 suis,
689 686 719 734 et
740 676 837 734 conde
858 678 1033 752 sepulchro.

149 754 236 812 ‘Duc
257 752 352 830 nigras
373 756 518 830 pecudes;
545 774 581 816 ea
601 755 695 832 prima
716 755 832 846 piacula
851 767 948 815 sunto

148 831 213 892 ‘Sic
233 834 354 893 demum
374 836 458 895 lucos
479 835 574 912 Stygis
595 847 625 896 et
645 855 735 912 regna
755 835 834 895 invia
853 835 935 907 vivis,

148 912 316 989 ‘Aspiciesr
359 913 450 990 Dixit,
472 935 633 994 pressoque
654 915 802 976 obmutuit
823 935 880 976 ore

185 995 303 1054 Aeneas
324 1006 437 1056 maesto
458 997 572 1056 defixus
592 995 704 1055 lumina
723 997 805 1056 voltu

147 1073 320 1150 Ingreditur,
342 1075 480 1154 linquens
500 1088 625 1150 antrum,
647 1096 812 1153 caecosque
831 1077 944 1136 volutat

146 1157 278 1214 Eventus
298 1156 398 1216 animo
419 1176 528 1217 secum.
572 1158 628 1218 Cui
649 1158 725 1217 fidus
745 1159 875 1216 Achates

146 1237 176 1294 It
196 1255 297 1296 comes
319 1248 348 1296 et
368 1236 487 1313 paribus
507 1238 583 1297 curis
603 1237 726 1316 vestigia
745 1237 815 1313 figit.

146 1315 271 1375 Multa
264 1328 339 1376 mter
359 1337 423 1378 sese
444 1317 524 1378 vario
546 1338 683 1379 sermone
704 1320 849 1392 serebant,
1106 1328 1161 1382 160

145 1398 242 1472 Quem
264 1397 378 1457 socium
399 1398 566 1458 exanimem
586 1410 677 1473 vates,
699 1400 782 1476 quod
802 1418 908 1490 corpus
930 1401 1132 1460 humandum

146 1475 273 1536 Diceret.
316 1480 415 1554 Atque
436 1478 477 1537 illi
500 1479 679 1540 Misenum
671 1499 702 1538 ιιι
723 1479 852 1539 litore
830 1499 917 1552 srcc0,

145 1558 189 1617 Ut
177 1566 324 1632 tvenere,
345 1558 448 1618 vident
468 1559 590 1636 indigna
611 1570 706 1620 morte
726 1571 922 1650 peremptum,

145 1636 294 1696 Misenum
315 1638 470 1711 Aeoliden,
493 1660 553 1716 quo
574 1660 635 1699 non
657 1639 851 1717 praestantior
870 1642 944 1700 alter

143 1720 221 1778 Aere
242 1717 320 1779 ciere
340 1719 418 1779 viros
440 1721 628 1798 Martemque
649 1722 813 1780 accendere
834 1732 929 1781 cantu.
1100 1729 1155 1803 165

145 1798 286 1858 Hectoris
307 1799 355 1858 hic
376 1799 476 1876 magni
496 1802 589 1859 suerat
609 1821 719 1874 comes,
743 1804 878 1861 Hectora
897 1801 1010 1860 circum

144 1881 182 1937 Et
202 1876 276 1939 lituo
297 1899 410 1956 pugnas
431 1880 552 1957 insignis
573 1881 675 1941 obibat
697 1892 727 1941 et
747 1883 838 1942 hasta.

144 1961 304 2036 Postquam
325 1959 408 2020 illum
429 1961 489 2020 vita
508 1961 603 2021 victor
623 1960 758 2038 spoliavit
778 1963 918 2034 Achilles,

143 2039 295 2100 Dardanio
317 2043 437 2100 Aeneae
458 2061 523 2101 sese
543 2041 718 2102 fortissimus
738 2043 825 2102 heros

141 2117 307 2181 Addiderat
327 2121 449 2195 socium,
471 2142 533 2182 non
554 2121 691 2183 inferiora
710 2134 837 2183 secutus.
1095 2147 1152 2203 ¹7⁰

142 2202 203 2261 Sed
227 2212 290 2260 tum
310 2203 384 2262 sorte
406 2222 478 2262 cava
498 2204 570 2262 dum
591 2214 728 2280 personat
749 2223 879 2280 aequora
899 2206 1025 2278 concha,

142 2284 282 2354 Demens,
305 2292 334 2342 et
355 2293 444 2343 cantu
465 2293 551 2343 vocat
571 2282 603 2343 in
624 2284 786 2345 certamina
806 2283 899 2357 divos,

140 2364 283 2422 Aemulus
304 2375 460 2439 exceptum
481 2363 595 2438 Triton,
618 2364 642 2424 si
663 2366 783 2424 credere
804 2365 927 2442 dignum
948 2376 1002 2436 est,

141 2445 222 2504 Inter
242 2463 312 2502 saxa
331 2443 425 2502 virum
447 2464 587 2520 spumosa
607 2444 778 2504 inmerserat
798 2448 886 2504 unda

141 2526 219 2600 Ergo
240 2543 343 2584 omnes
364 2543 472 2601 magno
493 2524 603 2584 circum
624 2527 753 2585 clamore
774 2526 951 2600 fremebant3
1091 2550 1145 2609 175

140 2605 301 2681 Praecipue
322 2603 387 2681 pius
408 2607 532 2664 Aeneas.
576 2608 655 2665 Tum
676 2605 755 2665 iussa
775 2606 911 2683 Sibyllae,

140 2686 233 2745 Haud
255 2705 345 2759 mora,
366 2684 504 2744 festinant
527 2686 630 2746 flentes
651 2705 790 2762 aramque
811 2687 966 2762 sepulchro

140 2767 307 2843 Congerere
328 2765 482 2825 arboribus
500 2767 643 2842 caeloque
664 2768 791 2826 educere
812 2777 932 2826 certant.

139 2847 203 2905 Itur
223 2846 253 2905 in
274 2846 426 2922 antiquam
447 2845 559 2919 silvam,
582 2849 697 2906 stabula
717 2849 776 2906 alta
797 2849 940 2908 serarum:

139 2928 343 2986 Procumbunt
363 2926 464 3003 piceae
471 2948 479 3000 ;
507 2937 593 2986 sonat
613 2928 671 2986 icta
691 2927 841 2987 securibus
862 2926 919 2987 ilex
925 2946 935 3001 3
1083 2935 1137 2991 180

138 3006 357 3082 Fraxineaeque
378 3007 474 3066 trabes
498 3008 600 3066 cuneis
621 3018 651 3067 et
670 3007 758 3068 fissile
779 3008 869 3067 robur

137 3084 299 3156 Scinditur;
327 3087 488 3143 advolvunt
508 3085 643 3160 ingentes
663 3087 814 3146 montibus
834 3105 931 3146 omos

137 3163 203 3218 Nec
225 3179 286 3218 non
307 3164 425 3218 Aeneas
445 3180 536 3235 opera
556 3165 632 3223 inter
652 3165 722 3223 talia
741 3167 867 3257 primus·

137 3240 282 3294 Hortatur
302 3238 397 3295 socios
417 3239 595 3329 paribusque
614 3243 776 3318 accingitur
796 3245 891 3304 armis.

136 3317 235 3388 Atque
256 3314 355 3372 haec
347 3331 410 3386 lpse
430 3333 483 3373 suo
503 3317 578 3376 tristi
598 3339 667 3380 cum
689 3324 779 3382 corde
800 3323 921 3398 volutat,
1077 3333 1130 3408 185
