2494 3702
149 53 227 126 136'
414 41 450 100 P.
475 40 886 101 Venorrrrmnoms

150 183 267 245 Scilicet
287 193 357 244 ante
376 201 482 243 omnes
500 185 580 243 furor
599 193 644 243 est
663 181 786 260 insignis
805 201 966 257 equarum;

152 268 192 326 Et
211 275 343 324 mentem
363 266 467 324 Venus
487 262 551 340 ipsa
569 262 661 335 dedit,
683 281 743 338 quo
763 273 895 338 tempore
915 259 1023 322 Glauci

151 346 312 406 Potniades
333 343 417 403 malis
438 345 572 403 membra
591 346 781 418 absumpsere
800 343 965 418 quadrigae.

152 427 223 485 Illas
244 426 327 484 ducit
346 442 431 484 amor
451 435 530 483 trans
551 424 680 500 Gargara
699 433 837 499 transque
857 432 1014 482 sonantem

150 503 333 579 Ascanium,
353 515 492 581 superant
513 515 629 564 montes
650 514 681 562 et
700 503 822 561 flumina
841 512 963 561 tranant
1086 518 1145 574 ²70

151 585 363 661 Continuoque
382 584 476 644 avidis
497 583 548 643 ubi
568 583 686 643 subdita
707 584 824 642 flamma
844 581 987 653 medullis,

149 665 241 742 (Vere
262 665 363 741 magis,
385 664 456 740 quia
475 684 543 724 vere
563 665 644 724 calor
662 663 738 723 redit
758 662 884 738 ossibus)
905 663 972 721 illae

151 748 211 808 Ore
232 764 337 806 omnes
357 763 458 805 versae
478 745 510 804 in
530 745 696 820 Zephyrum
717 754 795 802 stant
815 743 936 818 rupibus
956 741 1031 811 altis,

151 828 376 902 Exceptantque
397 825 476 884 leves
496 844 581 883 auras
601 836 631 883 et
653 843 742 899 saepe
763 824 826 883 sine
846 823 913 881 ullis

151 904 304 981 Coniugiis
325 915 415 964 vento
435 905 571 980 gravidae
593 903 738 980 (mirabile
759 902 853 978 dictu)
1085 917 1123 974 ²7
1127 917 1142 975 5

149 988 226 1046 Saxa
246 994 349 1060 peret
369 986 509 1061 scopulos
530 996 561 1044 et
581 985 735 1060 depressas
755 984 903 1042 convalles

150 1063 326 1140 Diffugiunt,
347 1083 418 1136 non,
442 1066 528 1137 Eure,
550 1076 625 1137 tuos,
646 1083 745 1140 neque
765 1062 834 1123 solis
854 1064 893 1123 ad
913 1072 1001 1134 onus,

150 1147 187 1204 In
209 1147 323 1204 Borean
344 1146 542 1220 Caurumque‚
563 1154 614 1203 aut
634 1145 715 1204 unde
735 1143 907 1220 nigerrimus
926 1145 1034 1201 Auster

150 1226 289 1284 Nascitur
309 1235 339 1284 et
358 1225 461 1301 pluvio
481 1225 635 1285 contristat
654 1224 759 1300 frigore
778 1227 901 1284 caelum.

151 1304 214 1363 Hic
233 1305 363 1378 demum,
385 1305 583 1381 hippomanes
603 1324 672 1364 vero
693 1305 774 1380 quod
795 1303 915 1364 nomine
935 1302 1040 1362 dicunt
1087 1303 1146 1359 280

150 1386 294 1456 Pastores‚
315 1385 429 1444 lentum
449 1385 578 1445 destillat
598 1388 636 1444 ab
655 1384 776 1461 inguine
794 1385 881 1456 virus,

150 1464 370 1541 Hippomanes,
392 1466 474 1541 quod
496 1484 586 1540 saepe
607 1466 703 1524 malae
722 1467 819 1540 legere
839 1481 982 1524 novercae

150 1544 396 1621 Miscueruntque
415 1546 521 1605 herbas
542 1555 572 1605 et
592 1563 655 1603 non
675 1544 798 1604 innoxia
818 1546 914 1604 verba

189 1626 248 1684 Sed
268 1625 341 1702 sugit
362 1625 482 1696 interea,
504 1625 578 1702 sugit
597 1625 790 1700 inreparabile
811 1635 939 1700 tempus

149 1702 270 1781 Singula
289 1707 362 1764 dum
383 1705 462 1780 capti
482 1704 745 1764 circumvectamur
765 1724 874 1764 amore.
1088 1705 1145 1780 285

149 1787 222 1845 Hoc
241 1785 311 1844 satis
331 1786 488 1844 armentis:
510 1795 630 1860 superat
648 1803 715 1860 pars
735 1786 828 1843 altera
846 1803 942 1856 curae,

148 1864 310 1940 Lanigeros
330 1867 440 1941 agitare
459 1883 562 1940 greges
583 1864 734 1940 hirtasque
754 1866 890 1940 capellas.

149 1943 212 2002 Hic
232 1946 323 2018 labor,
344 1944 415 2003 hinc
435 1945 555 2004 laudem
575 1947 664 2004 sortes
686 1954 802 2019 sperate
822 1943 929 2004 coloni.

148 2026 216 2082 Nec
236 2043 301 2083 sum
322 2023 412 2083 animi
433 2024 549 2094 dubius,
572 2023 668 2083 verbis
690 2044 725 2083 ea
745 2023 862 2084 vincere
883 2043 1024 2100 magnum

148 2103 248 2177 Quam
269 2103 314 2175 sit,
336 2115 366 2164 et
386 2102 517 2180 angustis
541 2105 622 2162 hunc
645 2105 754 2163 addere
776 2105 863 2163 rebus
885 2105 1050 2177 honorem,
1088 2124 1147 2178 ²90

147 2183 207 2241 Sed
228 2202 277 2242 me
301 2184 421 2244 Parnasi
442 2186 559 2244 deserta
580 2185 745 2259 perardua
769 2185 863 2244 dulcis

147 2263 260 2337 Raptat
282 2283 366 2323 amor
377 2285 385 2335 ;
412 2263 493 2323 iuvat
516 2264 558 2322 ire
581 2263 663 2340 iugis,
687 2283 747 2340 qua
770 2266 852 2323 nulla
874 2263 1005 2341 priorum

147 2341 307 2401 Castaliam
329 2343 413 2401 molli
436 2343 595 2402 devertitur
617 2343 712 2403 orbita
735 2345 821 2404 clivo

148 2422 247 2494 Nunc,
270 2422 438 2481 veneranda
463 2425 556 2496 Pales,
580 2442 689 2499 magno
711 2443 792 2482 nunc
816 2443 868 2482 ore
890 2425 1067 2484 sonandum.

189 2499 339 2577 Incipiens
361 2501 483 2561 stabulis
507 2503 593 2562 edico
614 2503 645 2561 in
668 2503 806 2562 mollibus
830 2504 953 2562 herbam
1088 2522 1146 2580 ²95

147 2582 276 2655 Carpere
297 2599 377 2652 oves,
400 2581 472 2639 dum
494 2601 564 2641 mox
586 2584 727 2642 frondosa
747 2583 897 2642 reducitur
917 2595 1022 2655 aestas,

148 2663 187 2719 Et
210 2661 303 2719 multa
327 2662 430 2720 duram
455 2660 561 2736 stipula
582 2661 760 2738 felicumque
785 2662 920 2739 maniplis

146 2741 282 2800 Sternere
305 2744 406 2800 subter
428 2742 561 2815 humum,
582 2742 690 2818 glacies
714 2762 752 2802 ne
777 2743 882 2818 frigida
904 2743 1004 2801 laedat

147 2820 243 2879 Molle
264 2839 364 2894 pecus
388 2821 578 2902 scabiemque
600 2823 673 2880 ferat
695 2833 854 2898 turpesque
876 2823 1033 2898 podagras

147 2902 219 2960 Post
241 2900 310 2958 hinc
332 2901 478 2976 digressus
500 2901 589 2961 iubeo
610 2903 777 2961 frondentia
798 2901 893 2977 capris
1086 2923 1145 2978 300

146 2981 262 3038 Arbuta
284 2981 417 3039 sufficere
439 2990 470 3038 et
491 2979 596 3040 fluvios
618 2985 759 3056 praebere
781 2991 924 3054 recentes,

147 3060 186 3117 Et
207 3059 322 3115 stabula
344 3078 362 3115 a
382 3058 478 3116 ventis
500 3057 623 3116 hiberno
646 3079 797 3134 opponere
819 3060 874 3119 soli

146 3137 197 3192 Ad
219 3134 351 3193 medium
373 3152 516 3192 conversa
540 3136 629 3207 diem,
652 3157 720 3195 cum
742 3137 864 3214 frigidus
886 3138 958 3198 olim

148 3215 213 3270 Iam
235 3212 315 3269 cadit
337 3222 529 3287 extremoque
551 3213 660 3272 inrorat
681 3218 829 3290 Aquarius
852 3236 940 3275 anno.

148 3291 218 3349 Hae
240 3309 358 3365 quoque
380 3309 441 3348 non
463 3310 533 3348 cura
556 3292 642 3351 nobis
667 3293 775 3352 leviore
799 3297 936 3366 tuendae,
1084 3319 1140 3378 305
