2462 3678
336 83 579 144 AENEIDOS
602 87 686 145 LIB.
722 88 809 146 VIII.
1007 109 1061 164 3²1

50 210 227 267 Tartareas
249 206 338 267 etiam
357 210 451 282 sedes
469 209 529 269 alta
550 209 626 270 ostia
648 211 734 285 Ditis,

52 291 101 346 Et
126 289 272 347 scelerum
293 307 413 362 poenas,
439 300 468 348 et
489 301 527 360 te,
551 291 687 365 Catilina,
706 292 813 353 minaei

51 367 258 427 Pendentem
277 369 409 445 scopulo,
431 369 641 446 Furiarumque
660 391 711 430 ora
728 383 923 448 trementem3

51 449 266 521 Secretusque
287 447 353 523 pios
360 468 368 519 ;
395 446 441 506 his
459 450 580 508 dantem
603 449 667 509 iura
684 452 840 512 Catonem.
1004 458 1062 529 670

52 528 160 585 Haec
176 524 252 586 inter
270 527 374 586 tumidi
390 529 448 587 late
468 527 554 587 maris
570 529 632 589 ibat
647 529 746 607 imago

50 608 180 678 Aurea,
198 608 252 665 sed
270 608 361 666 fluctu
384 609 559 682 spumabant
577 612 693 668 caerula
708 630 784 670 cano
793 633 802 685 3

52 689 105 745 Et
123 686 237 744 circum
255 697 376 762 argento
393 687 462 746 clari
484 687 637 764 delphines
657 688 689 747 in
705 691 807 749 orbem

52 769 211 840 Aequora
231 767 385 825 verrebant
408 767 508 826 caudis
529 778 701 843 aestumque
722 770 868 828 secabant.

57 848 114 903 In·
131 846 234 905 medio
256 847 362 904 classes
379 857 498 917 aeratas,
519 846 607 907 Actia
628 847 713 918 bella,
1005 854 1060 927 675

58 927 203 984 Cernere
225 937 294 996 erat,
318 936 471 1000 totumque
493 925 634 986 instructo
656 929 753 986 Marte
776 926 890 988 videres

57 1006 198 1063 Fervere
217 1007 367 1064 Leucaten
383 1023 513 1080 auroque
533 1008 670 1082 effulgere
691 1007 804 1066 fluctus

62 1083 159 1142 Hinc
176 1085 325 1160 Augustus
341 1103 430 1160 agens
451 1087 542 1144 Italos
558 1086 589 1143 in
607 1085 718 1160 proelia
738 1088 848 1145 Caesar

62 1165 154 1224 Cum
172 1164 302 1240 patribus
322 1165 492 1240 populoque
512 1163 670 1224 Penatibus
692 1176 721 1223 et
738 1165 851 1240 magnis
867 1164 922 1237 dis,

63 1246 162 1302 Stans
180 1246 259 1302 celsa
279 1243 309 1301 in
327 1243 439 1320 puppi:
469 1243 600 1319 geminas
618 1243 666 1302 cui
683 1253 817 1319 tempora
832 1244 963 1304 flammas
1005 1248 1063 1303 680

64 1326 169 1382 Laeta
186 1334 317 1395 vomunt,
336 1323 521 1399 patriumque
540 1323 667 1399 aperitur
685 1323 793 1382 vertice
812 1323 900 1383 sidus.

66 1407 161 1461 Parte
178 1402 235 1460 alia
254 1403 349 1462 ventis
368 1413 397 1461 et
415 1403 462 1462 dis
479 1402 610 1478 Agrippa
628 1403 765 1463 secundis

65 1483 193 1540 Arduus
211 1500 317 1557 agmen
338 1501 440 1558 agens:
467 1482 524 1552 cui,
544 1482 613 1541 belli
630 1481 744 1558 insigne
765 1484 931 1559 superbum,

66 1563 224 1637 Tempora
243 1561 339 1620 navali
359 1563 471 1637 fulgent
491 1571 614 1620 rostrata
631 1581 748 1621 corona

70 1641 158 1698 Hinc
179 1659 237 1716 ope
256 1641 407 1699 barbarica
424 1640 570 1716 variisque
590 1641 737 1700 Antonius
757 1643 845 1702 armis
1004 1646 1061 1720 685

69 1719 178 1778 Victor
193 1720 231 1778 ab
249 1722 380 1779 Aurorae
399 1720 517 1796 populis
538 1730 568 1778 et
587 1719 672 1779 litore
689 1722 802 1800 rubro&-

70 1801 241 1876 Aegyptum
264 1799 397 1875 viresque
416 1799 545 1860 Orientis
561 1811 590 1859 et
606 1800 709 1859 ultima
724 1819 825 1859 secum

72 1881 180 1937 Baetra
198 1879 297 1952 vehit;
319 1878 516 1955 sequiturque,
543 1881 646 1938 nefas!
669 1880 813 1955 Aegyptia
830 1880 965 1939 coniunx

72 1962 148 2019 Una
164 1977 266 2018 omnes
286 1978 377 2029 ruere,
399 1978 434 2016 ac
452 1969 548 2018 totum
565 1977 699 2034 spumare
719 1957 846 2018 reductis

75 2040 260 2099 Convolsum
278 2038 366 2097 remis
386 2037 544 2113 rostrisque
564 2038 740 2097 tridentibus
756 2056 873 2112 aequor.
1006 2042 1064 2113 690

74 2120 145 2176 Alta
162 2128 282 2193 petunt:
304 2119 408 2193 pelago
429 2119 531 2176 credas
550 2117 651 2176 innare
670 2118 797 2175 revolsas

77 2197 231 2272 Cycladas,
251 2208 301 2256 aut
319 2207 436 2256 montes
454 2217 626 2256 concurrere
643 2195 793 2255 montibus
812 2198 903 2259 altos:

75 2278 174 2335 Tanta
189 2277 267 2334 mole
285 2275 338 2334 viri
357 2276 465 2336 turritis
484 2277 633 2352 puppibus
650 2276 767 2335 instant.

77 2358 209 2432 Stuppea
228 2356 346 2414 flamma
364 2375 453 2414 manu
473 2357 598 2431 telisque
618 2356 736 2415 volatile
752 2357 859 2416 ferrum

79 2434 227 2512 Spargitur
231 2456 241 2508 ;
264 2455 333 2494 arva
350 2455 427 2495 nova
444 2436 597 2511 Neptunia
614 2437 706 2495 caede
721 2437 897 2497 rubescunt:
1008 2442 1064 2516 695

80 2515 194 2591 Regina
214 2514 244 2573 in
265 2515 370 2574 mediis
390 2515 484 2590 patrio
500 2525 586 2573 vocat
602 2515 719 2591 agmina
734 2515 835 2589 sistr0;

83 2595 218 2655 Necdum
238 2594 326 2653 etiam
341 2595 476 2670 geminos
491 2613 510 2653 a
525 2605 607 2670 tergo
625 2593 743 2670 respicit
761 2615 878 2670 angues,

83 2673 337 2749 Omnigenumque
353 2674 443 2732 deum
460 2684 590 2733 monstra
610 2684 639 2732 et
659 2675 777 2732 latrator
794 2674 909 2732 Anubis

83 2756 192 2815 Contra
211 2756 384 2829 Neptunum
403 2762 434 2810 et
451 2753 598 2811 Venerem
617 2762 778 2827 contraque
799 2752 962 2810 Minervam

84 2835 154 2891 Tela
174 2843 281 2890 tenent
324 2832 422 2891 Saevit
441 2831 539 2890 medio
558 2830 588 2888 in
610 2831 768 2890 certamine
789 2833 908 2890 Mavors
1010 2850 1067 2906 700
1170 2875 1173 2882 -

86 2913 217 2973 Caelatus
233 2913 315 2982 ferro,
333 2911 488 2986 tristesque
509 2929 546 2970 ex
563 2911 681 2969 aethere
703 2909 792 2968 Dirae
801 2932 810 2983 3

87 2995 123 3050 Et
137 2991 225 3050 scissa
242 2991 373 3066 gaudens
393 2991 473 3049 vadit
495 2988 650 3048 Discordia
671 2988 757 3063 palla

88 3073 179 3147 Quam
199 3089 267 3128 cum
287 3068 449 3146 sanguineo
467 3068 597 3144 sequitur
617 3069 740 3126 Bellona
755 3067 877 3142 flagello.

89 3150 185 3210 Actius
206 3151 279 3208 haec
298 3168 420 3208 cernens
437 3166 536 3206 arcum
555 3147 727 3206 intendebat
748 3148 857 3222 Apollo

90 3235 233 3305 Desuper:
262 3228 360 3288 omnis
378 3247 415 3287 eo
431 3238 538 3286 terrore
556 3230 708 3302 Aegyptus
727 3236 756 3285 et
773 3225 849 3297 Indi,
1012 3245 1067 3305 705

90 3309 188 3372 Omnis
208 3310 310 3380 Arabs,
328 3325 433 3366 omnes
450 3307 602 3365 vertebant
622 3318 703 3382 terga
718 3305 829 3364 Sabaei

66 3483 70 3490 ,
156 3435 177 3481 s.
193 3434 220 3479 v.
237 3435 258 3478 1.
946 3428 981 3466 21
