2462 3678
380 84 623 145 narramus
646 87 732 164 ΠΒ.
767 90 816 146 VJ.
1038 110 1093 168 273

76 203 270 277 ‘Constitui
292 212 322 263 et
343 222 451 280 magna
471 205 578 262 Manes
598 214 644 264 ter
663 223 737 264 voce
757 204 867 264 vocavi.

72 287 234 344 ‘Nomen
254 294 285 344 et
304 303 387 342 arma
406 285 504 343 locum
527 295 643 344 servant
652 305 661 357 3
689 296 727 357 te,
748 285 852 358 amice,
874 284 993 363 nequivi

76 364 296 441 ‘Conspicere
317 375 348 424 et
367 364 461 440 patria
481 365 631 424 decedens
651 385 762 441 ponere
782 368 878 426 terra!

69 446 135 504 Ad
160 464 240 521 quae
261 444 437 504 Priamides:
459 443 599 505 ‘Nihilo
620 445 681 518 tibi,
703 445 806 516 amice,
828 445 963 505 relictum
975 469 982 519 ;

76 525 225 586 ‘Omnia
246 525 406 600 Deiphobo
426 525 537 584 solvisti
559 535 589 585 et
608 525 717 585 funeris
737 525 857 585 umbris.
1033 543 1091 603 510

77 606 170 665 ‘Sed
190 625 240 665 me
260 607 320 664 sata
339 625 408 665 mea
427 617 457 666 et
477 607 573 665 scelus
593 605 710 666 exitiale
733 609 886 666 Lacaenae

77 685 171 745 ‘His
192 705 318 746 mersere
338 686 437 746 malis:
459 685 509 744 illa
528 687 603 745 haec
623 686 806 746 monimenta
826 685 951 763 reliquit.

77 769 251 842 ‘Namque
272 776 305 826 ut
325 785 492 842 supremam
513 767 586 826 salsa
605 767 681 826 inter
700 766 809 843 gaudia
829 778 949 826 noctem

76 846 276 922 ‘Egerimus
298 846 394 921 nosti;
421 858 451 907 et
474 846 599 906 nimium
620 846 787 907 meminisse
808 866 930 907 necesse
951 858 1004 908 est.

76 930 189 987 ‘Cum
210 926 305 986 fatalis
326 947 419 1003 equus
440 929 515 987 saltu
536 946 625 1003 super
644 928 736 986 ardua
756 927 838 988 venit
1032 944 1087 1005 515

77 1011 263 1084 ‘Pergama
284 1017 315 1067 et
334 1019 478 1067 armatum
499 1008 630 1084 peditem
651 1007 746 1084 gravis
767 1008 865 1067 attulit
885 1010 967 1068 alvo:

76 1089 175 1160 ‘Illa
198 1089 321 1147 chorum
342 1087 491 1160 simulans,
514 1099 636 1148 euantes
657 1087 738 1165 orgia
758 1087 868 1147 circum

77 1169 249 1228 ‘Ducebat
270 1169 408 1245 Phrygias
419 1191 428 1242 ;
454 1170 604 1227 flammam
625 1169 725 1228 media
744 1167 808 1245 ipsa
828 1168 949 1229 tenebat

78 1252 277 1326 ‘Ingentem
299 1260 330 1308 et
350 1269 467 1308 summa
489 1250 610 1308 Danaos
631 1268 667 1308 ex
687 1267 754 1308 arce
775 1251 907 1308 vocabat

79 1331 191 1387 ‘Tum
212 1348 261 1388 me
281 1331 448 1389 consectum
468 1329 545 1388 curis
566 1348 731 1405 somnoque
751 1340 902 1405 gravatum
1028 1345 1087 1408 520

79 1409 221 1468 ‘Infelix
241 1409 344 1470 habuit
364 1411 520 1482 thalamus,
542 1408 705 1485 pressitque
725 1409 871 1469 iacentem

80 1489 214 1548 ‘Dulcis
235 1501 265 1550 et
285 1492 344 1549 alta
364 1490 448 1566 quies
469 1489 663 1566 placidaeque
684 1489 832 1549 simillima
852 1491 948 1551 morti.

80 1569 235 1647 ‘Egregia
254 1570 364 1629 interea
384 1569 514 1630 coniunx
533 1589 615 1628 arma
635 1570 735 1629 omnia
755 1571 841 1630 tectis

82 1653 246 1721 ‘Emovet‚
269 1660 299 1710 et
318 1652 410 1710 fidum
431 1649 521 1726 capiti
541 1651 720 1710 subduxerat
740 1671 854 1712 ensem:

81 1732 191 1788 ‘Intra
210 1740 290 1789 tecta
308 1741 395 1790 vocat
416 1732 597 1803 Menelaum,
619 1742 649 1790 et
669 1731 771 1790 limina
790 1733 912 1808 pandit;
1026 1749 1082 1809 525

82 1809 227 1872 ‘Scilicet
247 1810 279 1870 id
299 1830 441 1888 magnum
462 1831 582 1888 sperans
602 1813 664 1872 fore
685 1832 793 1872 munus
813 1813 933 1885 amanti,

83 1893 147 1950 ‘Et
167 1891 277 1949 famam
297 1891 428 1968 extingui
447 1903 579 1951 veterum
600 1892 642 1952 sic
661 1913 749 1970 posse
768 1895 922 1952 malorum.

83 1970 191 2044 ‘Quid
211 1974 331 2032 moror?
357 1972 530 2048 inrumpunt
550 1974 681 2034 thalamo
687 1997 696 2049 ;
723 1993 823 2033 comes
844 1972 963 2033 additus
984 1993 1044 2032 una

84 2053 253 2112 ‘Hortator
272 2054 416 2112 scelerum
436 2053 585 2114 Aeolides.
629 2054 678 2125 Di,
700 2055 770 2113 talia
790 2053 875 2114 Grais

85 2134 284 2204 ‘Instaurate
305 2132 356 2209 pio
378 2132 402 2192 si
421 2152 535 2211 poenas
555 2153 606 2194 ore
626 2154 759 2211 reposco.
1024 2151 1083 2211 530

15 2283 20 2292 Ι
86 2213 168 2272 ‘Sed
188 2224 217 2272 te
238 2213 289 2289 qui
308 2213 408 2272 vivum
429 2233 523 2283 casus
545 2235 599 2291 age
619 2217 680 2274 fare
700 2213 837 2288 vicissim,

86 2292 274 2352 ‘Attulerint
316 2293 457 2370 Pelagine
476 2293 558 2354 venis
578 2295 723 2355 erroribus
744 2306 836 2369 actus,

86 2375 155 2430 ‘An
175 2373 291 2433 monitu
312 2373 436 2434 divom?
462 2394 501 2433 an
522 2394 598 2451 quae
619 2385 649 2435 te
671 2378 801 2436 Fortuna
819 2376 928 2455 fatigat,

88 2455 153 2512 ‘Ut
174 2453 269 2514 tristes
290 2453 354 2514 sine
374 2456 437 2534 sole
457 2455 571 2527 domos,
593 2456 660 2515 loca
680 2456 805 2529 turbida,
827 2457 960 2518 adires?'

87 2535 159 2591 Hac
178 2533 243 2593 vice
264 2553 433 2594 sermonum
453 2535 545 2595 roseis
565 2538 679 2598 Aurora
699 2537 847 2615 quadrigis
1023 2555 1078 2614 535

88 2614 155 2671 Iam
175 2613 307 2673 medium
327 2616 458 2675 aetherio
479 2636 564 2676 cursu
585 2617 737 2677 traiecerat
757 2639 843 2678 axem
853 2641 862 2692 ;

87 2695 127 2752 Et
146 2695 205 2753 fors
226 2714 314 2755 omne
335 2695 437 2754 datum
457 2698 605 2756 traherent
625 2716 677 2773 per
696 2697 765 2757 talia
786 2709 901 2774 tempus
911 2721 920 2774 3

87 2774 146 2832 Sed
166 2793 266 2834 comes
286 2775 450 2846 admonuit,
471 2777 655 2852 breviterque
676 2778 774 2836 adfata
794 2778 903 2854 Sibylla
923 2787 980 2836 est:

88 2855 175 2912 ‘Nox
195 2854 252 2914 ruit
282 2857 385 2915 Aenea
394 2877 404 2930 ;
430 2875 486 2915 nos
506 2858 607 2916 flendo
627 2855 763 2915 ducimus
783 2857 878 2916 horas.

88 2933 168 2993 ‘Hic
186 2935 271 2994 locus
291 2946 343 3009 est,
366 2946 463 3011 partes
483 2936 535 2996 uhi
555 2955 587 2995 se
607 2935 655 2994 via
675 2935 760 2995 findit
780 2935 810 2994 in
832 2937 947 2996 ambas:
1020 2954 1079 3014 540

89 3016 236 3074 ‘Dextera
256 3034 331 3092 quae
353 3015 431 3075 Ditis
451 3015 551 3094 magni
571 3017 627 3075 sub
647 3017 765 3075 moenia
785 3017 888 3088 tendit,

89 3097 176 3154 ‘Hac
196 3095 251 3156 iter
271 3095 403 3173 Elysium
423 3095 525 3157 nobis:
553 3107 583 3155 at
603 3097 688 3156 laeva
707 3099 852 3156 malorum

89 3177 229 3236 ‘Exercet
248 3195 370 3252 poenas,
392 3185 422 3236 et
441 3177 481 3235 ad
500 3174 592 3252 impia
611 3179 733 3235 Tartara
753 3177 860 3236 mittit!

90 3255 262 3330 Deiphobus
282 3267 399 3316 contra:
420 3257 485 3315 ‘Ne
506 3256 595 3328 saevi,
615 3276 722 3332 magna
742 3258 899 3331 sacerd0s;

91 3335 276 3411 ‘Discedam
299 3337 425 3412 explebo
446 3355 611 3408 numerum,
632 3336 796 3412 reddarque
814 3336 950 3395 tenebris.
1020 3352 1075 3410 545

166 3463 262 3508 sut
964 3445 999 3498 18
