2460 3686
52 41 108 116 198
304 39 339 97 P.
370 39 557 100 raxam
573 39 784 99 Marsorum

52 163 212 223 Ascanium
232 164 439 242 Anchisenque
460 176 572 241 patrem
594 168 782 242 Teucrosque
802 168 928 226 Penates

52 245 240 304 Commendo
260 244 355 317 sociis,
376 257 406 304 et
425 263 513 304 curva
533 246 607 304 valle
628 247 778 319 recondo;

53 324 122 398 lpse
141 326 245 384 urbem
265 336 378 400 repeto,
401 333 430 383 et
451 323 551 400 cingor
570 325 748 401 fulgentibus
768 325 863 385 armis.

51 404 113 462 Stat
133 422 218 462 casus
238 422 378 463 renovare
399 421 512 478 omnes,
534 423 714 479 omnemque
733 405 838 464 reverti
988 422 1045 482 750

52 485 107 541 Per
127 483 256 554 Troiam,
278 493 309 543 et
328 502 425 542 rursus
445 495 534 558 caput
554 483 702 543 obiectare
721 483 844 559 periclis.

52 561 200 637 Principio
221 581 319 622 muros
339 564 523 639 obscuraque
542 562 644 622 limina
662 574 774 638 portae,

51 641 119 714 Qua
139 659 269 717 gressum
290 643 458 707 extuleram,
479 653 580 717 repeto
585 665 594 718 3
614 653 644 702 et
663 642 785 718 vestigia
804 652 881 701 retro

51 721 215 780 Observata
235 741 341 796 sequor
361 733 551 797 pernoctem
573 732 602 781 et
622 721 732 781 lumine
753 724 851 780 lustro.

51 800 164 858 Horror
185 799 293 874 ubique
313 800 435 872 animos,
458 801 544 860 simul
564 801 627 876 ipsa
647 799 762 860 silentia
782 810 898 860 terrent.
982 819 1038 880 755

51 877 127 936 Inde
148 880 277 951 domum,
299 879 323 938 si
343 882 418 940 forte
439 880 554 955 pedem,
577 881 601 940 si
621 883 694 939 sorte
716 880 837 951 tulisset,

52 963 105 1020 Me
124 963 226 1020 resero.
268 962 422 1019 Inruerant
443 958 548 1031 Danai,
569 968 599 1018 et
619 968 729 1017 tectum
749 977 839 1018 omne
859 961 1016 1021 tenebant

53 1040 137 1099 Ilicet
159 1039 233 1116 ignis
254 1040 330 1099 edax
351 1057 466 1097 summa
485 1039 524 1096 ad
544 1037 658 1113 fastigia
676 1049 766 1097 vento

52 1119 185 1180 Volvitur
191 1139 200 1192 3
221 1129 396 1194 exsuperant
416 1119 569 1191 flammae;
589 1116 656 1176 furit
676 1129 774 1176 aestus
794 1118 832 1176 ad
852 1137 948 1177 auras.

53 1200 195 1270 Procedo,
218 1209 246 1257 et
268 1197 375 1257 Priami
396 1198 481 1256 sedes
501 1214 657 1273 arcemque
677 1197 779 1258 reviso.
991 1204 1049 1274 760

53 1280 91 1336 Et
112 1278 170 1336 iam
191 1275 352 1352 porticibus
372 1277 471 1335 vacuis
493 1276 616 1335 lunonis
637 1278 717 1352 asylo

52 1357 201 1417 Custodes
221 1357 290 1416 lecti
311 1356 445 1414 Phoenix
465 1365 495 1415 et
515 1355 594 1413 dirus
616 1356 720 1416 Ulixes

52 1437 196 1496 Praedam
217 1437 418 1495 adservabant.
462 1437 533 1494 Huc
553 1435 682 1510 undique
702 1432 792 1493 Troia
811 1454 884 1511 gaza

53 1516 186 1575 Incensis
206 1526 305 1591 erepta
325 1515 419 1590 adytis
439 1533 616 1588 mensaeque
638 1515 759 1572 deorum

53 1598 247 1670 Crateresque
267 1614 340 1654 auro
360 1593 447 1653 solidi
467 1593 642 1670 captivaque
662 1592 750 1651 vestis
989 1602 1050 1676 765

54 1675 234 1751 Congeritur.
279 1673 365 1733 Pueri
386 1685 415 1732 et
435 1673 559 1749 pavidae
579 1674 668 1748 longo
689 1671 794 1732 ordine
814 1683 921 1732 matres

51 1758 135 1815 Stant
154 1755 272 1813 circum.

53 1839 148 1894 Ausus
169 1833 240 1910 quin
261 1833 349 1892 etiam
369 1851 458 1892 voces
479 1831 587 1892 iactare
607 1851 658 1908 per
678 1833 822 1906 umbram,

53 1913 179 1990 Implevi
200 1914 328 1973 elamore
347 1910 417 1983 vias,
440 1923 626 1988 maestusque
646 1913 789 1973 Creusam

52 1993 241 2068 Nequiquam
261 1991 445 2068 ingeminans
465 1991 628 2068 iterumque
649 1992 814 2068 iterumque
835 1993 946 2054 vocavi
987 2013 1053 2072 770

53 2070 214 2147 Quaerenti
235 2081 265 2130 et
285 2071 369 2130 tectis
389 2069 469 2131 urbis
490 2071 553 2130 sine
573 2073 633 2129 fine
652 2071 758 2131 furenti

53 2151 158 2211 Infelix
179 2151 366 2210 simulacrum
386 2161 475 2226 atque
496 2151 588 2226 ipsius
607 2154 712 2210 umbra
733 2152 861 2212 Creusae

52 2231 124 2289 Visa
145 2229 218 2289 mihi
239 2240 307 2288 ante
328 2231 440 2303 oculos,
461 2241 491 2289 et
511 2241 583 2290 nota
603 2230 696 2288 maior
716 2229 822 2307 imago.

53 2309 199 2385 Obstipui,
221 2320 423 2385 steteruntque
444 2329 557 2382 comae,
580 2320 609 2368 et
628 2329 686 2368 vox
705 2310 839 2370 faucibus
859 2311 960 2373 haesit.

52 2392 131 2449 Turn
153 2388 194 2447 sic
215 2388 315 2460 adfari,
338 2400 366 2448 et
387 2409 470 2448 curas
492 2389 536 2448 his
557 2390 675 2448 demere
695 2389 795 2449 dictis:
985 2411 1047 2472 775
1144 2333 1148 2496 i

54 2469 153 2544 ‘Quid
173 2477 287 2526 tantum
308 2469 412 2528 insano
433 2467 513 2528 iuvat
532 2468 683 2545 indulgere
704 2469 808 2540 dolori,

55 2553 101 2610 ‘O
124 2547 218 2608 dulcis
238 2547 391 2608 coniunx?
419 2567 480 2607 non
500 2550 574 2608 haec
594 2548 658 2607 sine
679 2548 800 2608 numine
821 2547 921 2609 divom

55 2628 236 2689 ‘Eveniuntz
267 2646 323 2686 nec
343 2638 373 2686 te
393 2626 462 2686 hinc
482 2628 621 2687 comitem
642 2639 790 2703 asportare
811 2630 951 2688 Creusam
1140 2533 1146 2719 i

55 2713 129 2769 ‘Fas
150 2719 199 2769 aut
220 2706 269 2766 ille
290 2707 358 2766 sinit
379 2706 476 2783 superi
496 2719 631 2783 regnator
652 2707 780 2784 Olympi.

56 2793 177 2866 ‘Longa
197 2788 251 2848 tibi
271 2787 379 2858 exsilia,
395 2799 424 2846 et
444 2797 559 2845 vastum
579 2784 665 2845 maris
686 2805 796 2862 aequor
816 2789 974 2848 arandum:
986 2795 1045 2864 780
1141 2807 1143 2858 ς

56 2873 111 2928 ‘Et
132 2881 237 2928 terram
259 2866 435 2945 Hesperiam
456 2865 565 2939 venies,
586 2865 636 2925 ubi
657 2866 767 2941 Lydius
788 2885 857 2924 arva

56 2952 155 3007 ‘Inter
176 2947 274 3024 opima
295 2947 388 3007 virum
408 2945 467 3006 leni
487 2945 551 3004 fluit
571 2943 686 3020 agmine
706 2946 834 3018 Thybris
844 2967 852 3018 ;

57 3028 139 3087 ‘Illic
159 3046 204 3086 res
225 3028 318 3084 laetae
338 3043 518 3100 regnumque
539 3035 569 3083 et
587 3023 666 3099 regia
686 3023 814 3082 coniunx

56 3111 159 3164 ‘Parta
179 3103 245 3174 tibi3
272 3102 404 3160 lacrimas
425 3103 549 3170 dilectae
569 3104 646 3176 pelle
666 3104 803 3162 Creusae.

58 3185 220 3254 ‘Nonego
242 3179 462 3254 Myrmidonum
482 3180 568 3238 sedes
588 3181 776 3255 Dolopumve
796 3184 936 3256 superbas
987 3191 1041 3264 785
1139 3216 1140 3242 s

58 3257 232 3334 ‘Aspiciam
253 3267 302 3314 aut
324 3255 407 3314 Grais
428 3255 564 3314 servitum
584 3257 724 3316 matribus
745 3259 804 3330 ibo,
