2442 3686
161 95 220 153 404
408 81 445 138 Ρ.
478 79 671 140 Vererer
691 77 903 139 Marsorum

157 198 340 278 Insequitur;
360 203 457 264 solum
478 202 572 263 densa
592 201 623 262 in
645 199 769 278 caligine
789 202 927 259 Turnum

156 281 290 360 Vestigat
310 284 443 356 lustrans,
466 286 562 344 solum
582 281 613 342 iu
634 281 795 343 certamina
813 279 918 358 poscit.

157 363 229 422 Hoc
249 381 393 423 concussa
412 373 493 424 metu
515 374 646 424 mentem
668 364 793 422 Iuturna
812 360 913 436 virago

156 441 297 520 Aurigam
316 442 412 503 Turni
431 442 530 503 media
550 443 626 503 inter
645 443 708 502 lora
730 440 891 501 Metiscum

158 521 284 596 Excutit,
307 533 337 582 et
357 524 446 600 louge
466 525 580 600 lapsum
602 533 722 582 temone
742 520 860 597 reliquit
865 541 875 594 ;
1106 535 1162 593 470

156 601 228 678 Ipsa
248 602 335 674 subit,
354 603 550 679 manibusque
571 603 717 662 undantes
738 601 830 660 flectit
849 601 996 674 habenas,

59 725 62 732 ⁴
156 682 272 742 Cuncta
291 701 404 760 gerens,
425 702 591 759 vocemque
613 693 642 742 et
663 701 769 759 corpus
790 692 820 741 et
840 699 922 738 arma
944 677 1081 740 Metisci

157 761 248 836 Nigra
267 764 349 822 velut
370 781 490 839 magnas
511 762 626 822 domini
647 781 715 821 cum
735 761 833 822 divitis
853 762 943 820 aedes

156 843 293 902 Pervolat
313 853 343 902 et
363 841 468 920 pennis
489 844 549 903 alta
569 843 643 901 atria
664 843 767 902 lustrat
786 841 922 914 hirundo,

156 923 268 982 Pabula
287 942 376 998 parva
396 925 497 998 legens
517 923 655 1000 nidisque
675 921 851 998 loquacibus
873 939 970 995 escas;
1103 936 1160 995 475

156 1004 194 1062 Et
214 1020 295 1062 nunc
314 1001 476 1079 porticibus
497 1003 608 1075 vacuis,
628 1021 709 1061 nunc
728 1001 852 1061 humida
872 1001 985 1060 circum

155 1083 265 1158 Stagna
285 1093 386 1142 sonat:
407 1081 509 1142 similis
530 1082 646 1142 medios
667 1084 791 1142 Iuturna
810 1101 864 1159 per
883 1082 985 1140 hostes

155 1164 259 1222 Fertur
278 1161 370 1239 equis,
392 1161 556 1238 rapidoque
576 1164 679 1222 volans
699 1162 764 1222 obit
784 1162 884 1221 omnia
903 1179 1007 1236 curru;

155 1245 280 1318 Iamque
300 1242 349 1302 hic
368 1261 549 1320 gennanum‚
572 1242 691 1319 iamque
711 1241 761 1302 hic
781 1252 910 1302 ostentat
930 1252 1078 1302 ovantem
1083 1261 1094 1314 ;

154 1324 184 1381 N
187 1343 222 1382 ec
242 1325 374 1383 conferre
395 1342 517 1381 manum
538 1322 648 1400 patitur
653 1345 661 1396 ;
683 1324 763 1383 volat
783 1322 850 1382 avia
869 1323 965 1399 longe.
1100 1323 1157 1393 480

155 1402 247 1461 Haud
270 1401 367 1462 minus
385 1405 503 1463 Aeneas
524 1413 617 1463 tortos
637 1402 708 1480 legit
728 1401 834 1463 obvius
855 1403 950 1472 orbes,

153 1482 346 1559 Vestigatque
365 1481 461 1542 virum
481 1493 512 1543 et
532 1482 655 1543 disiecta
675 1503 728 1559 per
747 1481 864 1559 agmina
884 1501 993 1557 magna

153 1565 236 1622 Voce
257 1573 352 1623 vocat.
396 1562 542 1637 Quotiens
563 1566 664 1623 oculos
685 1562 813 1623 coniecit
833 1562 863 1621 in
884 1563 1013 1634 hostem,

153 1643 373 1720 Alipedumque
393 1643 493 1719 fugam
515 1662 602 1703 cursu
621 1643 776 1720 temptavit
797 1661 949 1719 equorum,

153 1725 280 1783 Aversos
301 1722 409 1782 totiens
430 1743 530 1783 curms
551 1725 676 1784 Iuturna
695 1722 818 1783 retorsit.
1096 1723 1154 1796 485

154 1805 236 1876 Heu,
258 1801 329 1879 quid
351 1805 439 1878 agat?
479 1803 570 1863 Vario
591 1803 772 1879 nequiquam
793 1803 914 1862 fluctuat
935 1810 1031 1874 aestu,

153 1883 353 1960 Diversaeque
373 1893 481 1943 vocant
501 1883 634 1942 animum
654 1884 685 1942 in
706 1881 852 1943 contraria
871 1900 967 1940 curae.

153 1963 237 2022 Huic
258 1966 423 2040 Messapus,
446 1964 488 2023 uti
509 1965 593 2023 laeva
613 1964 675 2023 duo
694 1965 770 2024 sorte
790 1963 910 2040 gerebat

153 2045 256 2116 Lenta,
278 2042 350 2103 levis
371 2062 466 2115 eursu,
488 2045 616 2120 praefixa
636 2043 753 2104 hastilia
772 2045 855 2114 ferro,

153 2125 271 2184 Horum
291 2142 384 2182 unum
405 2134 485 2183 certo
506 2137 706 2200 contorquens
727 2123 823 2200 dirigit
844 2123 912 2182 ictu.
1094 2141 1156 2197 490

153 2202 288 2264 Substitit
308 2206 435 2276 Aeneas,
458 2213 487 2263 et
508 2223 539 2263 se
561 2203 679 2280 collegit
700 2203 731 2262 in
751 2223 841 2274 arma,

153 2284 269 2360 Poplite
289 2283 445 2344 subsidens
451 2307 460 2358 ;
480 2283 595 2360 apicem
617 2293 717 2343 tamen
737 2283 829 2343 incita
848 2299 997 2342 summum

133 2425 135 2430 ,
154 2366 252 2423 Hasta
272 2363 347 2436 tulit,
369 2382 557 2440 summasque
578 2363 705 2422 excussit
725 2363 833 2423 vertice
854 2361 963 2422 cristas.

152 2447 232 2503 Turn
252 2461 322 2503 vero
342 2444 504 2518 adsurgunt
522 2442 583 2502 irae
588 2465 597 2516 ;
617 2441 790 2519 insidiisque
811 2443 958 2514 subactus,

153 2523 294 2584 Diversus
314 2523 365 2582 ubi
386 2523 475 2582 sentit
495 2542 589 2599 equos
609 2542 787 2600 currumque
806 2521 913 2594 referri,
1092 2537 1153 2596 495
1210 2595 1211 2610 χ

154 2605 251 2664 Multa
272 2606 376 2662 Iovem
398 2613 428 2662 et
447 2603 519 2662 laesi
539 2613 662 2662 testatus
683 2603 810 2662 foederis
830 2621 903 2674 aras,

154 2687 219 2743 Iam
240 2684 361 2743 tandem
382 2682 494 2742 invadit
514 2683 637 2755 medios,
658 2694 689 2742 et
711 2685 809 2742 Marte
829 2682 961 2742 secundo

153 2762 302 2823 Terribilis
324 2781 441 2822 saevam
462 2763 544 2822 nullo
565 2761 734 2823 discrimine
755 2763 878 2822 caedem

153 2843 286 2916 Suscitat,
309 2842 476 2918 irammque
497 2862 601 2902 omnes
622 2843 747 2902 effundit
767 2844 906 2902 habenas.

193 2922 266 2998 Quis
287 2922 359 2981 mihi
380 2940 460 2980 nunc
481 2933 525 2982 tot
546 2925 652 3000 acerba
672 2923 755 2996 deus,
777 2922 843 2999 quis
864 2919 993 2980 carmine
1012 2920 1126 2980 caedes

153 3000 299 3070 Diversas,
322 2999 495 3074 obitumque
516 3001 633 3073 ducum,
656 3020 732 3075 quos
753 3021 882 3078 aequore
904 3011 967 3061 toto

152 3077 248 3146 Inque
259 3074 363 3158 ¹vicem
383 3095 465 3133 nunc
485 3081 603 3137 Turnus
624 3079 692 3154 agit,
715 3099 795 3138 nunc
816 3081 924 3140 Troius
944 3080 1039 3152 heroa,

149 3149 320 3233 'Expedratl
340 3157 451 3208 tanton'
472 3154 585 3226 placuit
605 3175 780 3216 concurrere
801 3169 892 3232 motu,

152 3224 292 3294 Iuppiter,
314 3233 432 3281 aeterna
451 3241 555 3300 gentes
570 3231 606 3290 in
626 3251 700 3308 pace
721 3237 858 3296 futuras?

150 3299 267 3353 Aeneas
288 3299 433 3354 Rutulum
454 3305 701 3382 Sucronem—ea
720 3313 816 3387 prima
835 3326 954 3376 ruentes
1091 3333 1149 3393 505
1208 3367 1211 3404 ,
