2514 3690
421 65 657 124 BUCOLJCA.
701 63 796 122 ECL.
831 63 860 119 V.

142 206 221 265 Cum
242 183 401 280 complexa
420 206 466 264 sui
487 226 595 282 corpus
616 207 782 266 miserabile
803 208 865 266 nati

141 287 243 360 Atque
263 286 337 345 deos
357 297 448 361 atque
468 297 546 345 astra
566 298 653 346 vocat
673 287 803 346 crudelia
824 297 925 348 mater.

142 365 215 422 Non
236 365 286 422 ulli
307 377 408 441 pastos
427 365 485 425 illis
506 383 591 442 egere
612 367 718 426 diebus

39 515 42 520 Δ
97 490 107 545 4
141 443 269 519 Frigida,
285 444 414 521 Daphni,
430 448 522 505 boves
540 446 579 505 ad
597 446 719 505 flumina
726 468 735 521 ;
756 447 837 505 nulla
849 464 947 522 neque
960 464 1079 512 amnem
1101 462 1135 522 ²5

27 546 52 596 ς»
82 533 87 542 ’
141 522 260 582 Libavit
280 526 457 601 quadrupes,
480 545 536 585 nec
555 526 695 601 graminis
715 525 810 602 attigit
832 527 963 585 herbam(
1003 548 1026 576 ‘a

143 603 280 684 Daphni„
297 617 381 664 tuum
403 607 521 664 Poenos
542 606 631 664 etiam
652 605 829 682 ingemuisse
850 608 952 665 leones

142 684 298 762 Interitnm
319 696 496 761 montesque
516 684 569 744 seri
589 685 738 762 silvaeque
757 688 923 761 loquontur.

143 764 278 839 Daphnis
298 775 329 824 et
349 767 504 826 Armenias
524 785 609 824 curru
630 767 806 842 subiungere
828 765 914 842 tigres

142 843 281 916 Instituit,
303 845 439 921 Daphnis
458 845 570 905 thiasos
589 845 728 906 inducere
750 847 859 904 Bacchi

142 925 183 983 Et
203 924 279 984 foliis
300 926 394 984 lentas
414 924 547 992 intexere,
564 926 703 985 mollibus
723 926 858 986 bastasff'
888 923 929 994 T*

141 1002 218 1062 Vitis
239 1015 272 1064 ut
291 1005 443 1065 arboribus
463 989 564 1065 deciori
585 1017 692 1078 esunt
713 1005 821 1065 vitibus
841 1025 925 1078 uvae,

142 1085 187 1144 Ut
206 1084 344 1161 gregibus
364 1085 456 1167 mulir.
470 1096 583 1175 segetes
604 1097 637 1145 ut
658 1085 815 1162 pinguibus
836 1086 920 1158 arvis,

141 1166 190 1223 Tu
211 1165 302 1234 decus
322 1184 411 1224 omne
432 1162 495 1224 tuis.
540 1169 701 1241 Postquam
723 1178 752 1224 te
772 1167 831 1224 fata
851 1167 987 1238 tulerunt,

59 1307 86 1333 Ν
142 1246 215 1326 lpsa
236 1229 321 1304 Pales
342 1264 426 1321 agros
447 1256 537 1322 atque
558 1246 621 1323 ipse
641 1245 758 1321 reliquit
778 1247 896 1322 Apollo.

136 1324 278 1384 aGrandia
298 1343 387 1402 saepe
408 1325 516 1401 quihus
536 1325 743 1384 mandavimus
763 1326 874 1386 hordea
894 1323 991 1400 sulcis,

2 1443 64 1469 tu.»
142 1404 252 1464 Infelix
271 1404 374 1478 loli-um
394 1416 424 1465 et
445 1405 557 1466 steriles
578 1417 737 1464 nascuntur
751 1425 879 1478 avenae;

35 1511 42 1533 ι
142 1487 201 1544 Pro
223 1482 306 1544 molli
325 1484 412 1556 viola,
434 1505 488 1562 pro
509 1504 656 1561 purpurea
675 1486 805 1544 narcisso

37 1553 62 1601 f‘
143 1565 280 1640 carduus
301 1575 331 1624 et
348 1564 443 1641 spinis
463 1565 553 1642 surgit
574 1566 703 1640 paliurus
724 1565 832 1626 acutis?

141 1644 276 1721 Spargite
296 1634 421 1703 hrimum
440 1645 526 1717 foliis,
546 1645 677 1704 inducite
698 1645 829 1705 fontibus
850 1646 976 1715 umbras,

142 1727 287 1796 Pastores,
309 1727 431 1784 mandat
451 1725 514 1784 fieri
534 1725 590 1785 sibi
611 1727 680 1783 talia
701 1725 843 1801 Daphnis,

142 1806 182 1864 Et
203 1806 349 1863 tumulum
368 1805 463 1877 facite,
486 1816 515 1864 et
537 1807 651 1865 tumulo
672 1804 882 1881 superaddite
903 1797 1038 1864 carmen:

110 1943 115 1952 ,
143 1885 299 1961 ‘Daphnis
319 1903 375 1960 ego
394 1885 426 1944 in
447 1885 533 1957 silvis,
545 1885 625 1943 ‘hinc
646 1886 799 1961 usquead
820 1884 924 1943 sidera*
937 1896 1033 1963 notus,

79 1945 129 2002 ll*
142 1964 278 2024 Formosi
298 1963 412 2041 pecoris
432 1975 540 2037 custos,
562 1965 715 2024 formosior
734 1964 818 2040 ipse!

183 2045 243 2103 Me.
271 2046 346 2103 Tale
367 2055 450 2102 tuum
471 2063 589 2103 carmen
611 2043 705 2118 nobis
728 2045 827 2103 divine
847 2054 944 2121 poeta,

142 2125 240 2200 Quale
261 2142 351 2200 sopor
370 2123 454 2183 fessis
475 2123 506 2182 in
525 2123 666 2201 gramine,
688 2126 775 2200 quale
795 2143 848 2200 per
867 2133 981 2183 aestum

143 2203 248 2263 Dulcis
268 2222 363 2280 aquae
384 2204 507 2263 saliente
519 2204 607 2263 ‘sitim
628 2203 806 2279 restinguere
827 2203 898 2262 rivo.

143 2285 212 2342 Nec
232 2283 354 2342 calamis
375 2285 470 2343 solum
491 2284 578 2359 aequi
619 2285 762 2422 ¹³⁵2*ng
772 2302 844 2342 voce
865 2281 1043 2360 magistrum.

656 2366 732 2432 Q
1062 2367 1068 2396 t

143 2365 304 2423 Fortunate
324 2382 405 2439 puer,
427 2376 459 2423 tu
474 2383 562 2458 pppq
577 2363 636 2452 pris
734 2365 787 2432 „ab
803 2363 876 2430 illo..

143 2446 210 2503 Nos
230 2454 330 2503 tamen
348 2429 633 2519 haecffiuocumque'
650 2445 749 2506 modo)
761 2443 814 2504 tibi
832 2453 932 2502 nostra
949 2441 1078 2502 vicissim
1101 2459 1140 2520 50

145 2523 297 2596 Dicemus
320 2523 533 2600 Daphnimque
554 2535 638 2583 tuum
659 2524 796 2582 tollemus
817 2524 856 2583 ad
877 2534 971 2597 astra3

144 2602 296 2680 Daphnim
316 2603 355 2662 ad
376 2613 453 2662 astra
473 2605 619 2662 feremus:
646 2603 755 2662 amavit
776 2622 831 2662 nos
852 2621 971 2679 quoque
993 2602 1139 2678 Daphnis.

184 2685 246 2742 Mo.
275 2685 324 2741 An
345 2682 505 2759 quicquam
526 2682 613 2743 nobis
634 2683 685 2742 tali
705 2680 742 2742 sit
763 2701 883 2742 munere
905 2681 1021 2741 maius?
1103 2689 1142 2701 ““··

145 2766 184 2824 Et
204 2781 278 2840 puer
298 2763 362 2840 ipse
381 2763 437 2822 fuit
457 2761 566 2822 cantari
587 2763 702 2839 dignus,
725 2774 755 2822 et
774 2761 830 2821 ista

145 2846 212 2902 Iam
233 2843 347 2920 pridem
370 2842 533 2903 Stimichon
554 2843 684 2903 laudavit
704 2841 835 2901 carmina
855 2839 950 2900 nobis.
1103 2857 1138 2919 55

185 2924 244 2982 Ma
275 2921 430 2982 Candidus
449 2922 600 2982 insuetum
620 2925 741 2981 miratur
761 2921 851 2980 limen
873 2920 995 2998 Olympi

145 3004 208 3064 Sub
228 3002 412 3080 pedibusque
433 3002 513 3062 videt
534 3004 628 3062 nubes
649 3014 679 3061 et
699 3000 796 3061 sidera
816 2999 961 3077 Daphnis.

145 3086 225 3160 Ergo
245 3081 347 3142 alacris
368 3083 453 3142 silvas
473 3095 504 3142 et
524 3094 621 3142 cetera
641 3101 707 3141 rura
726 3083 862 3158 voluptas

144 3165 287 3239 Panaque
308 3173 500 3239 pastoresque
520 3173 603 3222 tenet
625 3162 818 3238 Dryadasque
839 3161 962 3239 puellas.

145 3245 213 3302 Nec
232 3243 320 3318 lupus
340 3242 461 3302 insidias
482 3241 590 3318 pecori,
613 3262 668 3301 nec
688 3241 761 3300 retia
781 3242 873 3299 cervis
1102 3243 1141 3297 60

144 3323 218 3383 Ulla
235 3322 337 3381 dolum
359 3322 554 3394 meditantem
581 3330 662 3379 amat
682 3323 779 3379 bonus
796 3320 856 3377 otia
878 3319 1019 3396 Daphnis.
