2494 3702
146 51 200 109 152
405 37 440 95 P.
465 36 653 96 VERGILI
667 35 875 94 MARONIS

145 184 225 242 Ante
245 179 331 240 novis
350 180 474 240 rubeant
495 199 582 257 quam
602 191 686 256 prata
705 179 859 250 coloribus,
880 190 951 240 ante

145 263 271 322 Garrula
291 279 380 338 quam
401 261 489 337 tignis
508 261 611 321 nidum
632 262 792 336 suspendat
812 259 946 320 hirundo

146 345 264 402 Interea
283 340 392 402 teneris
412 342 575 417 tepefactus
595 339 627 400 in
647 341 761 400 ossibus
781 359 866 399 umor

145 425 278 493 Aestuat,
299 433 329 482 et
349 421 472 482 visenda
492 419 589 480 modis
608 419 747 480 animalia
766 419 854 494 miris,

145 506 265 563 Trunca
284 503 394 579 pedum
415 501 520 578 primo,
541 520 611 560 mox
631 510 660 559 et
681 500 832 559 stridentia
850 499 957 576 pinnis,
1077 519 1137 576 3¹0

146 581 319 656 Miscentur,
341 593 521 658 tenuemque
540 580 633 658 magis
654 580 746 656 magis
766 583 833 640 aera
852 590 987 657 carpunt,

145 665 262 734 Donec,
284 673 318 721 ut
337 663 455 721 aestivis
475 663 584 722 effusus
604 659 731 720 nubibus
751 659 852 732 imber,

145 745 288 819 Erupere,
309 753 361 801 aut
380 752 414 801 ut
434 761 524 802 nervo
544 743 679 817 pulsante
699 740 829 817 sagittae,

146 822 245 882 Prima
264 825 344 882 leves
363 820 466 881 ineunt
487 821 512 880 si
532 823 653 897 quando
673 821 786 897 proelia
805 818 910 880 Parthi.

185 903 261 977 Quis
275 903 348 962 deus
362 904 447 974 hanc,
463 904 578 971 Musae,
593 901 659 977 quis
673 901 760 961 nobis
774 899 886 961 extudit
899 903 1015 960 artem?
1073 918 1133 976 315

145 984 238 1044 Unde
257 1001 336 1041 nova
355 981 502 1058 ingressus
522 983 675 1042 hominum
696 981 875 1057 experientia
893 980 993 1057 cepit?

145 1065 251 1122 Pastor
271 1062 421 1122 Aristaeus
441 1061 553 1138 fugiens
575 1061 686 1120 Peneia
705 1064 819 1137 Tempe

144 1141 277 1214 Amissis,
300 1152 333 1200 ut
353 1145 441 1214 fama,
462 1143 567 1218 apibus
588 1143 752 1218 morboque
771 1144 908 1216 fameque

143 1221 249 1281 Tristis
269 1223 308 1281 ad
328 1221 449 1282 extremi
469 1241 583 1280 sacmm
604 1232 693 1296 caput
713 1221 824 1282 adstitit
844 1220 939 1280 amnis

146 1303 244 1361 Multa
264 1321 389 1378 querens
409 1315 498 1377 atque
518 1302 574 1360 hac
593 1303 708 1361 adfatus
728 1321 802 1362 voce
821 1315 991 1378 parentem:
1074 1321 1133 1378 3²0

145 1383 270 1453 ‘Mater,
293 1383 409 1458 Cyrene
430 1392 530 1454 mater,
553 1401 629 1457 quae
650 1381 769 1459 gurgitis
789 1382 875 1441 huius

146 1462 230 1520 ‘Ima
250 1473 342 1533 tenes,
364 1460 436 1537 quid
456 1481 505 1521 me
525 1458 674 1538 praeclara
693 1463 783 1539 stirpe
804 1465 967 1522 deorum-

145 1540 192 1600 ‘Si
210 1543 311 1614 modo,
326 1560 415 1617 quem
434 1541 580 1617 perhibes,
594 1553 679 1618 pater
698 1555 742 1603 est
759 1545 962 1620 Thymbraeus
980 1544 1135 1618 Apollo-

143 1621 294 1680 ‘Invisum
316 1621 384 1680 fatis
403 1621 552 1698 genuisti?
579 1634 630 1681 aut
649 1641 711 1698 quo
731 1622 784 1682 tibi
805 1622 896 1682 nostri

145 1702 267 1760 ‘Pulsus
288 1705 392 1761 amor?
419 1701 490 1778 quid
511 1721 559 1761 me
579 1704 694 1761 caelum
715 1722 832 1778 sperare
851 1703 992 1763 iubebas?
1073 1722 1110 1778 3²
1115 1719 1132 1778 5

147 1783 208 1839 ‘En
232 1783 320 1840 etiam
341 1783 422 1840 hunc
441 1781 537 1856 ipsum
558 1781 636 1842 vitae
656 1783 787 1842 mortalis
807 1785 959 1854 honorem,
979 1851 984 1854 ‚

144 1861 259 1935 ‘Quem
281 1859 352 1918 mihi
373 1861 422 1919 vix
441 1863 555 1938 frugum
577 1873 607 1921 et
626 1865 775 1938 pecudum
797 1863 931 1924 custodia
950 1865 1052 1923 sollers

143 1939 271 2001 ‘Omnia
291 1941 448 2016 temptanti
469 1942 630 2014 extuderat,
652 1953 682 2002 te
703 1954 795 2004 matre
814 1945 956 2020 relinquo.

144 2020 241 2094 ‘Quin
262 2039 317 2096 age
338 2033 367 2080 et
387 2020 452 2096 ipsa
472 2041 562 2080 manu
583 2022 683 2082 felices
704 2043 773 2083 erue
793 2023 887 2094 silvas,

143 2102 217 2158 ‘Fer
237 2100 359 2159 stabulis
378 2101 531 2160 inimicum
551 2101 651 2178 ignem
672 2114 762 2178 atque
782 2102 912 2163 interfice
932 2121 1051 2177 messes,
1072 2123 1133 2179 330

144 2180 224 2238 ‘Ure
245 2191 309 2238 sata
329 2192 358 2239 et
379 2181 482 2240 duram
501 2180 533 2239 in
553 2182 627 2242 vites
650 2185 752 2243 molire
772 2184 939 2260 bipennem,
1211 2247 1212 2258 ,

143 2261 258 2317 ‘Tanta
277 2277 362 2319 meae
383 2260 407 2318 si
428 2271 457 2320 te
478 2274 620 2336 ceperunt
640 2262 738 2322 taedia
758 2263 871 2323 laudis’
1211 2261 1212 2277 ¹

180 2339 222 2396 At
242 2349 336 2396 mater
355 2339 484 2398 sonitum
506 2343 637 2400 thalamo
659 2345 713 2402 sub
734 2343 861 2402 fluminis
880 2343 931 2402 alti

140 2415 244 2476 Sensit.
288 2418 363 2475 Earn
384 2419 495 2480 circum
518 2421 636 2480 Milesia
654 2423 764 2482 vellera
783 2424 939 2500 Nymphae
1211 2487 1212 2496 ἶ

141 2497 311 2570 Carpebant
332 2498 410 2572 hyali
431 2511 530 2560 saturo
550 2503 649 2560 fucata
669 2503 776 2574 colore,
1071 2521 1128 2580 335

140 2576 312 2651 Drymoque
333 2579 514 2655 Xanthoque
536 2582 685 2658 Ligeaque
708 2582 957 2659 Phyllodoceque,

139 2653 308 2714 Caesariem
329 2658 440 2717 effusae
460 2659 585 2718 nitidam
605 2681 657 2737 per
677 2663 805 2723 candida
825 2664 910 2735 colla,

139 2729 268 2823 [Nesaee
290 2735 420 2812 Spioque
441 2739 605 2814 Thaliaque
626 2741 880 2823 Cymodoceque]

139 2813 335 2890 Cydippeque
357 2827 386 2876 et
407 2817 483 2876 flava
504 2819 649 2894 Lycorias,
674 2823 765 2880 altera
785 2822 875 2899 virgo,

137 2894 238 2951 Altera
259 2903 322 2952 tum
344 2895 454 2971 primos
476 2899 606 2958 Lucinae
627 2912 745 2975 experta
764 2903 889 2974 labores,

137 2973 264 3046 Clioque
284 2984 314 3031 et
336 2977 429 3035 Beroe
450 2995 539 3048 soror,
562 2979 753 3040 Oceanitides
773 2983 886 3054 ambae,

136 3052 253 3108 Ambae
274 3070 346 3109 auro
366 3054 452 3126 pictis
473 3055 620 3114 incinctae
639 3059 768 3133 pellibus
788 3063 902 3134 ambae,

136 3131 236 3201 Atque
258 3129 376 3202 Ephyre
396 3141 486 3203 atque
507 3133 581 3207 Opis
602 3146 632 3193 et
652 3137 725 3195 Asia
746 3138 880 3214 Deiopea

138 3207 177 3262 Et
198 3205 318 3262 tandem
338 3206 443 3280 positis
464 3211 550 3266 velox
570 3214 716 3274 Arethusa
736 3217 856 3293 sagittis.

137 3286 219 3342 Inter
240 3301 313 3358 quas
334 3303 434 3342 curam
456 3287 599 3362 Clymene
620 3296 755 3353 narrabat
775 3298 894 3356 inanem
