2494 3702
150 82 187 139 82
401 83 437 141 P.
475 84 666 142 VERGJLI
688 85 900 144 MARONIS

155 287 160 298 .
189 243 231 301 D.
261 243 323 301 Aut
343 241 392 299 hic
412 241 451 300 ad
471 252 584 301 veteres
605 243 688 316 sagos
708 261 777 301 cum
799 241 967 318 Daphnidis
988 261 1089 302 arcum

150 320 273 398 Fregisti
294 333 323 380 et
344 322 494 380 calamos:
521 339 598 397 quae
618 332 659 392 tu,
681 341 816 398 perverse
839 323 986 393 Menalca,

149 403 189 460 Et
210 421 277 460 cum
299 400 398 460 vidisti
419 420 512 477 puero
532 403 652 473 donata,
675 403 807 472 dolebas,

150 483 190 541 Et
210 481 235 540 si
255 501 317 540 non
337 480 437 555 aliqua
457 480 619 548 nocuisses,
640 494 773 540 mortuus
795 501 881 541 esses.
1116 501 1155 560 15

189 564 237 622 M.
266 560 346 636 Quid
366 561 480 620 domini
501 561 618 628 faciant,
639 562 751 621 audent
772 560 931 621 cum'talia
950 563 1053 622 sures?

150 643 221 701 Non
241 659 298 718 ego
318 652 347 700 te
368 640 431 700 vidi
453 641 607 712 Damonis,
629 642 767 716 pessime,
789 661 910 718 caprum

150 720 293 799 Excipere
314 720 436 792 insidiis,
459 723 585 780 multum
605 723 730 781 latrante
752 722 897 797 Lycisca?

150 804 188 860 Et
209 821 276 861 cum
297 803 454 861 clamarem
477 803 567 876 ‘Quo
588 821 668 860 nunc
689 821 721 861 se
742 802 865 878 proripit
885 801 959 862 ille?

150 881 259 958 Tityre,
281 901 355 958 coge
376 883 506 956 pecusl’
527 892 559 940 tn
580 893 649 958 post
669 893 784 941 carecta
804 883 925 942 latebas
1113 905 1154 944 20

187 965 231 1020 D.
259 965 307 1020 An
330 961 402 1020 mihi
422 962 571 1020 cantando
592 961 686 1021 victus
707 981 769 1020 non
789 964 924 1023 redderet
943 963 993 1022 ille

135 1043 246 1118 Quem
268 1061 334 1101 mea
354 1040 532 1101 carminibus
552 1042 705 1102 meruisset
725 1043 824 1101 fistula
843 1046 986 1119 caprum?

148 1123 177 1182 Si
198 1121 302 1195 nescis,
327 1141 411 1181 meus
431 1121 481 1182 ille
502 1141 591 1198 caper
610 1122 665 1181 luit
674 1144 683 1196 ;
712 1134 742 1181 et
763 1122 835 1181 mihi
856 1125 977 1182 Damon

148 1204 219 1278 Ipse
240 1204 403 1275 fatebatur,
430 1203 484 1262 sed
503 1203 627 1262 reddere
648 1221 737 1278 posse
757 1204 892 1279 negabat.

187 1283 234 1342 M.
264 1283 424 1343 Cantando
444 1293 478 1342 tu
498 1282 604 1342 illum?
631 1294 681 1341 aut
702 1301 842 1358 umquam
863 1282 917 1342 tibi
938 1285 1038 1343 fistula
1059 1305 1130 1346 cera

148 1363 255 1421 Iuncta
275 1362 350 1421 luit?
376 1382 437 1422 non
459 1375 491 1422 tu
512 1363 542 1421 in
564 1361 662 1435 triviis,
684 1361 813 1435 indocte,
836 1365 953 1423 solebas
1109 1369 1147 1425 26

147 1442 287 1502 Stridenti
308 1442 447 1503 miserum
469 1443 576 1519 stipula
597 1442 767 1518 disperdere
788 1446 932 1503 carmen?

187 1525 229 1582 D.
259 1525 313 1582 Vis
333 1542 403 1600 ergo
423 1522 575 1583 internos
595 1524 666 1599 quid
688 1523 781 1599 possit
802 1534 924 1600 uterque
943 1522 1071 1584 vicissim

147 1603 364 1679 Experiamur?
390 1622 445 1680 ego
467 1605 545 1662 hanc
565 1602 688 1662 vitulam
710 1602 761 1683 (ne
781 1605 856 1664 sorte
876 1622 1002 1676 recuses,

147 1681 199 1741 Bis
222 1683 302 1743 venit
322 1684 361 1742 ad
382 1685 547 1755 mulctram,
569 1683 657 1743 binos
677 1683 730 1742 alit
750 1686 840 1744 ubere
861 1685 949 1760 fetus)
1107 1705 1145 1760 30

149 1764 296 1838 Depono:
323 1774 356 1822 tu
377 1763 433 1832 dic,
456 1783 574 1823 mecum
596 1782 655 1838 quo
676 1763 799 1839 pignore
820 1775 922 1824 oertes.

186 1844 233 1902 M.
263 1847 310 1903 De
330 1863 417 1920 grege
437 1863 498 1902 non
519 1844 613 1902 ausim
636 1845 795 1920 quicquam
816 1845 966 1920 deponere
986 1854 1102 1905 tecum:

147 1925 201 1982 Est
221 1923 294 1982 mihi
314 1943 442 1999 namque
462 1923 545 1982 domi
564 1934 656 1999 pater,
678 1936 723 1983 est
742 1924 850 1983 iniusta
870 1943 997 1984 noverca
1007 1947 1015 2000 3

148 2003 257 2080 Bisque
277 2003 326 2064 die
347 2015 503 2064 numerant
522 2005 612 2069 ambo
633 2023 735 2080 pecus,
755 2006 830 2063 alter
850 2015 879 2064 et
900 2007 1020 2065 haedos.

147 2086 267 2157 Verum,
289 2083 320 2143 id
341 2085 423 2160 quod
444 2085 539 2144 multo
559 2093 622 2142 tute
643 2083 707 2160 ipse
726 2085 856 2144 fatebere
878 2085 981 2158 maiuS,
1104 2104 1139 2163 35

147 2163 294 2241 (Insanire
314 2165 386 2224 libet
406 2163 547 2240 quoniam
568 2163 632 2240 tibi)
654 2165 763 2241 pocula
782 2183 895 2240 ponam

146 2245 266 2322 Fagina,
287 2247 432 2304 caelatum
454 2243 545 2303 divini
566 2263 641 2320 opus
662 2243 897 2305 Alcimedontis:

146 2327 241 2385 Lenta
262 2323 368 2402 quibus
389 2335 475 2384 torno
495 2324 573 2383 facili
593 2343 682 2401 super
700 2324 804 2383 addita
822 2324 889 2384 vitis

147 2405 278 2465 Diffusos
299 2405 409 2464 hedera
429 2404 517 2464 vestit
537 2405 667 2480 pallente
688 2406 851 2481 corymbos.
971 2403 979 2412 ”

146 2486 183 2544 In
204 2485 304 2546 medio
324 2486 385 2545 duo
406 2484 497 2562 signa,
519 2485 628 2546 Conon
649 2482 785 2562 et-quis
805 2485 859 2544 suit
879 2486 960 2558 alter,
1102 2505 1140 2559 40

147 2565 310 2641 Descripsit
330 2564 413 2624 radio
434 2575 530 2624 totum
551 2564 603 2639 qui
622 2564 759 2641 gentibus
780 2565 892 2637 orbem,

145 2648 294 2722 Tempora
314 2664 390 2721 quae
411 2663 531 2716 messor,
554 2664 629 2720 quae
650 2665 755 2704 curvus
776 2656 872 2705 arator
892 2646 1039 2706 haberet?

146 2726 283 2785 Necdum
304 2725 361 2784 illis
381 2726 462 2784 labra
483 2724 609 2798 admovi,
633 2727 685 2785 sed
706 2725 827 2786 condita
847 2743 938 2784 servo.

184 2807 227 2864 D.
257 2808 296 2865 Et
316 2805 403 2865 nobis
422 2804 503 2865 idem
524 2805 702 2865 Alcimedon
723 2807 785 2865 duo
805 2807 913 2880 pocula
932 2804 1011 2877 fecit,

145 2887 185 2944 Et
205 2885 289 2945 molli
309 2885 421 2945 circum
442 2898 486 2945 est
507 2905 594 2945 ansas
614 2888 767 2962 amplexus
787 2887 924 2957 acanth0,
1100 2903 1136 2965 45

145 2967 324 3043 Orpheaque
344 2965 374 3024 in
397 2966 496 3026 medio
518 2965 617 3041 posuit
638 2966 784 3043 silvasque
804 2976 979 3042 sequentes;

146 3047 283 3106 Necdum
304 3045 360 3104 illis
380 3046 462 3104 labra
481 3046 609 3115 admovi,
631 3046 685 3105 sed
705 3043 827 3106 condita
847 3063 938 3104 servo.

144 3125 175 3184 Si
195 3126 235 3184 ad
255 3125 378 3182 vitulam
399 3135 523 3198 spectas
546 3123 619 3182 nihil
641 3137 685 3184 est
705 3127 788 3200 quod
808 3125 916 3200 pocula
935 3125 1045 3186 laudes.

186 3205 233 3262 M.
264 3205 436 3292 Numquam
457 3202 548 3261 hodie
569 3203 692 3278 effugies
703 3228 711 3276 3
733 3203 849 3263 veniam
870 3222 1060 3280 quocumque

303 3300 417 3340 vocans
428 3302 437 3353 3

146 3361 256 3420 Audiat
277 3362 351 3420 haec
369 3362 572 3420 tantum-vel
592 3361 643 3436 qui
662 3360 742 3418 venit
763 3381 833 3422 ecce
858 3362 1023 3421 Palaemon.
1102 3383 1136 3442 50
