2462 3678
175 69 232 142 276
425 71 462 128 P.
495 69 688 130 VERGILI
708 70 920 131 MARONIS

178 189 277 261 ‘Nom
300 185 372 248 mihi
393 189 417 248 si
437 186 554 264 linguae
574 199 693 248 eentum
714 187 773 249 sint
792 210 901 266 oraque
921 202 1054 267 eentum,
1118 197 1165 270 625

178 272 301 330 ‘Ferrea
322 288 388 340 vox,
410 287 514 328 omnes
535 270 678 329 scelerum
699 273 916 362 comprendere
933 274 1055 381 fopmas,

177 348 305 410 ‘Omnia
325 367 486 439 poenarum
507 367 675 424 percurrere
695 349 817 409 nomina
838 351 968 426 possim’

217 429 303 488 Haec
323 427 375 489 ubi
395 427 476 488 dicta
495 427 578 489 dedit
599 427 713 489 Phoebi
733 430 876 507 longaeva
896 434 1056 494 sacerdos·

177 506 281 570 ‘Sed
273 527 332 568 rarn
351 527 414 585 age,
436 507 630 585 emperiam,
652 519 683 569 et
702 521 872 586 susceptum
892 513 1002 588 perfice
1025 533 1141 574 munus

176 589 422 660 ‘Adceleremus’
443 587 491 648 ait
535 589 719 665 ‘Cyclopum
739 591 847 650 educta
866 591 991 652 caminis
1120 597 1168 670 ⁶30

176 667 316 728 ‘Moenia
336 665 496 744 conspicio,
518 679 607 744 atque
627 670 752 729 adverso
772 669 883 731 fornice
903 683 1014 747 portas,

176 750 280 807 ‘Haec
301 748 351 808 ubi
372 767 428 807 nos
448 759 604 824 praecepta
624 747 727 808 iubent
748 750 896 826 deponere
917 752 1019 813 dona’

176 829 305 900 Dixerat,
327 837 357 888 et
377 827 484 904 pariter
503 827 594 904 gressi
614 847 668 904 per
688 848 782 904 opaca
803 829 914 889 viarum

175 907 343 984 Corripiunt
365 907 491 984 spatium
512 908 652 980 medium,
673 909 845 986 foribusque
865 910 1079 989 propinquant

173 989 308 1064 Occupat
329 990 445 1047 Aeneas
465 988 586 1059 aditum,
607 1007 773 1064 corpusque
792 1001 903 1050 recentr
1116 996 1164 1069 635

172 1067 287 1145 Spargit
307 1087 393 1144 aqua,
414 1086 587 1144 ramumque
606 1069 759 1128 adverso'
751 1088 781 1128 ιιι
803 1069 902 1128 limine
923 1070 992 1147 figit

214 1149 272 1207 His
292 1147 414 1208 demum
435 1148 553 1219 exactis,
574 1149 705 1224 perfecto
726 1168 847 1210 munere
866 1151 960 1223 divae,

174 1229 328 1288 Devenere
348 1229 430 1287 locos
451 1229 552 1298 laetos,
574 1239 604 1288 et
624 1247 750 1288 amoena
770 1229 878 1289 virecta

172 1310 396 1382 Fortunatorum
417 1326 580 1378 nemorum,
602 1308 747 1384 sedesque
768 1311 875 1369 beatas.

171 1387 290 1465 Largior
310 1387 359 1446 hic
378 1406 500 1463 campos
520 1388 620 1447 aether
639 1398 669 1448 et
689 1385 800 1448 lumine
821 1390 906 1449 vestit
1113 1395 1164 1464 640

172 1469 331 1544 Purpure0,
355 1469 508 1544 solemque
529 1486 622 1540 suurn,
645 1487 696 1527 sua
717 1468 813 1528 sidera
832 1479 948 1528 norunt.

171 1551 242 1607 Pars
263 1547 293 1607 in
313 1547 470 1624 gramineis
490 1558 624 1608 exercent
645 1549 777 1609 membra
796 1549 953 1625 palaestris,

171 1629 366 1688 Contendunt
387 1628 460 1687 ludo
481 1639 510 1687 et
531 1628 610 1687 fulva
630 1629 776 1687 luctantur
795 1631 923 1701 harena;

171 1709 241 1768 Pars
262 1707 388 1784 pedibus
407 1708 552 1783 plaudunt
572 1709 693 1767 choreas
714 1719 744 1768 et
764 1710 892 1768 carmina
911 1707 1024 1768 dicunt.
1202 1769 1203 1778 ,

170 1790 236 1847 Nec
256 1807 316 1847 non
337 1786 491 1847 Threicius
511 1789 600 1864 longa
620 1807 687 1846 cum
709 1799 790 1847 veste
810 1789 944 1848 sacerdos
1106 1792 1156 1866 645
1202 1791 1203 1851 ι

170 1866 349 1943 Obloquitur
369 1867 497 1927 numeris
517 1878 630 1943 septem
651 1866 820 1927 discrimina
839 1887 952 1940 vocum,

170 1948 294 2023 Iamque
316 1948 420 2006 eadem
442 1946 549 2022 digitis,
572 1946 630 2006 iarn
651 1947 768 2024 pectine
788 1948 886 2024 pulsat
905 1949 1028 2008 eburno.

169 2027 232 2086 Hic
251 2045 344 2103 genus
365 2025 517 2102 antiquum
538 2026 653 2094 Teucri,
674 2027 870 2102 pulcherrima
889 2029 995 2104 proles,

170 2105 355 2183 Magnanimi
377 2108 487 2178 heroes,
510 2106 572 2166 nati
593 2106 762 2166 melioribus
783 2107 876 2179 anniS,

169 2188 289 2262 Ilusque
309 2189 527 2262 Assaracusque
547 2197 577 2246 et
596 2186 703 2246 Troiae
724 2189 880 2246 Dardanus
899 2197 1009 2248 auctor.
1104 2193 1156 2266 ⁶50

142 2333 145 2340 ¹
167 2269 258 2325 Anna
279 2267 382 2341 procul
402 2285 561 2342 currusque
581 2265 674 2326 virum
696 2267 815 2326 miratur
835 2266 944 2326 inanes

167 2347 252 2406 Stant
272 2356 347 2405 tena
367 2347 479 2406 defixae
500 2348 609 2418 hastae,
630 2346 798 2423 passimque
819 2347 907 2408 soluti

168 2427 224 2486 Per
244 2444 365 2502 campos
385 2435 546 2502 pascuntur
565 2425 642 2502 equi.
685 2428 770 2502 Quae
789 2426 882 2504 gratia
900 2446 1017 2486 currum

167 2510 384 2581 Armorumque
404 2504 457 2564 suit
478 2505 558 2578 vivis,
579 2525 656 2582 quae
676 2525 745 2566 cura
766 2507 893 2567 nitentes

167 2588 290 2646 Pascere
310 2603 413 2662 equoS,
434 2586 539 2645 eadem
560 2585 690 2662 sequitur
709 2587 812 2647 tellure
832 2598 972 2664 repostos
1099 2590 1151 2665 ⁶55
1202 2589 1203 2596 ’

167 2664 328 2742 Conspicit,
350 2684 428 2739 ecce,
449 2665 522 2725 alios
544 2666 646 2725 dextra
666 2667 806 2743 laevaque
827 2686 880 2743 per
898 2667 1019 2728 herbam
1101 2702 1104 2708 ‚
1202 2681 1203 2722 ι

166 2748 327 2806 Vescentes
347 2746 628 2822 laetumquechoro
649 2765 761 2823 paeana
782 2756 921 2807 canentes

166 2826 249 2885 Inter
267 2826 422 2885 odoratum
443 2824 516 2886 lauri
536 2844 649 2898 nemus,
671 2827 751 2886 unde
772 2845 897 2904 superne

165 2904 312 2965 Plurimus
334 2905 454 2965 Eridani
474 2925 526 2981 per
546 2871 649 2966 silvani
669 2905 795 2966 volvitur
814 2907 917 2967 amnis.
1202 2951 1203 2970 ι

166 2984 228 3044 Hic
248 3003 352 3044 manus
372 2986 412 3044 ob
433 2985 556 3061 patriam
576 2988 738 3063 pugnando
757 2987 877 3047 volnera
896 2984 982 3063 passi,
1092 2989 1148 3046 660

166 3061 285 3138 Quique
306 3065 473 3124 sacerdotes
493 3064 573 3138 casti,
596 3067 668 3125 dum
689 3065 749 3126 vita
769 3067 915 3141 manebat,

164 3141 283 3218 Quique
304 3141 345 3219 pii
365 3153 445 3203 vates
466 3154 496 3203 et
516 3146 639 3206 Phoebo
659 3145 750 3223 digna
769 3146 888 3219 locuti,-

165 3223 305 3279 Inventas
325 3231 375 3279 aut
396 3221 446 3296 qui
467 3222 557 3280 vitam
578 3226 732 3283 excoluere
752 3244 804 3300 per
823 3237 907 3296 artes,

165 3297 284 3373 Quique
305 3297 350 3356 sui
370 3316 515 3358 memores
535 3295 649 3376 aliquos'
669 3304 764 3363 fecere
785 3307 934 3364 merendo
