2494 3702
148 100 203 156 128
217 97 252 155 P.
285 97 476 157 VERGILI
491 98 703 158 MARONIS
725 100 885 160 GEORG.
909 103 993 160 LIB.
1016 103 1066 162 II.

146 230 191 289 Ut
212 248 329 306 gemma
352 230 435 289 bibat
457 242 486 290 et
508 233 634 291 Sarrano
656 231 783 292 dormiat
804 245 881 294 ostro
892 257 901 309 ;

147 310 259 370 Condit
279 329 352 386 opes
374 310 447 370 alius
471 313 648 388 defossoque
673 313 793 372 incubat
816 333 905 388 auro,

148 389 209 448 Hic
233 401 331 467 stupet
352 390 493 450 attonitus
513 391 612 451 rostris
622 415 631 468 3
664 394 745 452 hunc
764 396 884 470 plausus
908 393 1039 456 hiantem

146 472 203 530 Per
226 490 338 531 cuneos
359 471 525 547 geminatus
549 472 628 531 enim
647 473 802 550 plebisque
824 486 998 552 patrumque

148 551 315 628 Corripuit;
349 552 480 627 gaudent
503 551 612 628 perfusi
632 553 773 629 sanguine
797 556 924 627 fratrum,

148 632 303 708 Exilioque
326 632 433 691 domos
455 643 486 692 et
509 631 606 692 dulcia
627 633 729 692 limina
752 645 867 694 mutant

147 715 247 788 Atque
269 712 327 772 alio
350 711 475 788 patriam
500 724 645 788 quaerunt
666 717 721 772 sub
746 716 808 774 sole
830 716 983 775 iacentem.

147 792 285 867 Agricola
309 792 430 851 incurvo
452 803 558 852 terram
581 793 705 853 dimovit
725 805 839 855 aratro:

149 873 232 932 Hinc
256 871 326 932 anni
347 873 439 944 labor,
461 874 532 931 hinc
551 873 677 950 patriam
698 893 863 950 parvosque
890 887 1013 952 penates

149 951 287 1026 Sustinet,
309 951 379 1011 hinc
399 963 532 1012 armenta
556 955 648 1012 boum
672 953 851 1030 meritosque
875 956 1023 1016 iuvencos

150 1035 216 1092 Nec
237 1034 361 1109 requieS,
388 1032 458 1108 quin
482 1045 533 1092 aut
554 1033 651 1108 pomis
675 1035 815 1094 exuberet
835 1055 930 1094 annus

148 1116 209 1171 Aut
228 1115 289 1172 fetu
310 1132 450 1190 pecorum
470 1125 521 1172 aut
546 1113 675 1174 Cerealis
696 1114 817 1190 mergite
838 1115 937 1188 culmi,

150 1197 358 1269 Proventuque
379 1205 481 1253 oneret
501 1196 599 1253 sulcos
623 1205 712 1270 atque
732 1196 836 1255 horrea
854 1196 959 1254 vincat.

150 1273 240 1333 Venit
264 1274 397 1350 hiemps:
434 1273 535 1333 teritur
556 1273 693 1350 Sicyonia
715 1276 792 1334 baca
813 1275 941 1352 trapetis

151 1355 268 1414 Glande
292 1373 359 1413 sues
383 1355 451 1413 laeti
475 1356 608 1424 redeunt,
633 1356 705 1413 dant
726 1356 828 1414 arbuta
849 1357 956 1414 silvae:

152 1436 191 1493 Et
212 1433 307 1493 varios
329 1434 414 1510 ponit
439 1435 513 1493 setus
535 1445 699 1505 autumnus,
722 1449 752 1493 et
776 1437 834 1494 alte

153 1513 236 1574 Mitis
256 1514 414 1590 inapricis
437 1514 573 1589 coquitur
596 1513 746 1573 vindemia
768 1514 850 1574 saxis.

153 1595 270 1654 Interea
291 1595 392 1654 dulces
413 1596 544 1670 pendent
565 1593 673 1654 circum
695 1596 795 1653 oscula
816 1593 885 1667 nati,
942 1645 945 1653 .

153 1676 244 1735 Casta
263 1674 436 1751 pudicitiam
457 1686 552 1733 servat
572 1675 687 1748 domus,
710 1675 800 1734 ubera
821 1693 928 1734 vaccae

153 1757 263 1815 Lactea
285 1755 453 1826 demittunt,
475 1754 658 1831 pinguesque
681 1754 711 1812 in
733 1755 862 1831 gramine
884 1757 962 1814 laeto

153 1837 235 1895 Inter
257 1855 289 1895 se
313 1835 442 1894 adversis
466 1836 614 1894 luctantur
635 1834 772 1894 cornibus
794 1835 890 1894 haedi.

153 1917 224 1992 Ipse
248 1915 312 1976 dies
334 1913 424 1991 agitat
448 1916 538 1973 festos
562 1917 703 1990 fususque
726 1933 779 1990 per
801 1916 932 1985 herbam,

153 1995 235 2072 lgnis
259 1995 310 2054 ubi
333 1994 364 2053 in
388 1993 489 2054 medio
513 2005 546 2053 et·
564 1994 636 2053 socii
660 2005 771 2053 cratera
792 2005 944 2066 coronant,

153 2079 198 2136 Te
222 2075 326 2146 libans,
352 2077 479 2145 Lenaee,
505 2085 600 2144 vocat,
626 2073 799 2150 pecorisque
821 2073 965 2150 magistris

153 2156 273 2215 Velocis
295 2155 383 2214 iaculi
407 2153 568 2214 certamina
590 2154 674 2230 ponit
698 2153 728 2212 in
751 2156 840 2226 ulmn,

154 2238 346 2312 Corporaque
370 2235 476 2310 agresti
500 2236 614 2293 nudant
638 2235 781 2310 praedura
803 2236 971 2309 palaestrae.

155 2318 246 2373 Hane
270 2315 340 2373 olim
362 2325 474 2374 veteres
495 2313 585 2373 vitam
607 2315 724 2373 coluere
746 2314 855 2384 Sabini,

156 2397 246 2454 Hanc
267 2397 379 2453 Remus
401 2404 432 2452 et
454 2397 548 2466 frater,
574 2393 616 2453 sic
640 2393 720 2453 sortis
746 2393 861 2452 Etruria
884 2393 974 2453 crevit

155 2474 280 2544 Scilicet,
305 2484 334 2532 et
352 2493 447 2532 rerum
472 2475 550 2532 facta
573 2485 618 2533 est
641 2473 837 2549 pulcherrima
862 2475 970 2545 Roma,

155 2557 334 2630 Septemque
354 2572 414 2611 una
434 2553 490 2611 sibi
511 2573 594 2613 muro
615 2552 808 2613 circumdedit
827 2573 916 2612 arces.

155 2637 234 2694 Ante
256 2633 345 2694 etiam
370 2643 517 2708 sceptrum
543 2632 659 2692 Dictaei
680 2632 754 2708 regis
779 2644 809 2692 et
833 2644 901 2692 ante

156 2713 254 2791 Impia
277 2732 366 2788 quam
388 2711 480 2772 caesis
503 2731 575 2788 gens
598 2723 644 2772 est
669 2715 787 2789 epulata
811 2712 950 2783 iuvencis,

155 2797 269 2852 Aureus
292 2795 369 2852 hanc
390 2793 481 2851 vitam
503 2792 534 2850 in
559 2792 640 2852 terris
662 2794 803 2851 Saturnus
827 2795 951 2868 agebat3
1025 2864 1030 2872 ,

157 2874 294 2934 Necdum
319 2872 407 2932 etiarn
431 2871 582 2932 audierant
596 2871 699 2930 *inflari
721 2871 850 2943 classica,
873 2872 1001 2931 necdum

156 2953 317 3028 Impositos
339 2953 419 3012 duris
440 2951 583 3028 crepitare
604 2950 758 3010 incudibus
780 2970 873 3010 enses.

196 3033 253 3090 Sed
275 3051 330 3090 nos
351 3031 529 3090 immensum
550 3031 650 3106 spatiis
671 3030 852 3089 conrecimus
873 3048 993 3104 aequor,

185 3120 196 3168 t
220 3110 278 3168 iam
303 3121 418 3184 tempus
440 3128 548 3183 equom
570 3111 713 3168 fumantia
734 3111 846 3168 solvere
867 3110 949 3168 colla
