2442 3686
390 118 632 178 Aruernos
655 118 734 175 rra
761 120 799 200 rr.

105 258 176 320 Cui
198 256 300 333 Liger:
1041 259 1099 333 580

105 339 207 396 ‘Non
227 335 380 394 Diomedis
400 354 500 410 equos,
521 355 577 394 nec
597 355 709 393 cunum
729 333 822 394 cernis
842 334 970 407 Achillis,

107 419 197 473 ‘Aut
216 413 356 490 Phrygiae
376 432 512 488 campos:
536 433 616 472 nunc
635 413 704 473 belli
724 413 789 472 finis
809 424 839 472 et
858 414 921 472 aevi

110 495 196 552 ‘His
215 493 330 552 dabitur
349 492 447 551 terris’
487 495 605 551 Vesano
625 492 694 550 talia
713 495 770 551 late

110 572 207 630 Dicta
226 573 327 630 volant
346 569 448 645 Ligeri.
485 573 543 629 Sed
563 589 623 629 non
645 581 674 629 et
693 570 797 629 Troius
817 572 901 630 heros

110 651 206 709 Dicta
225 659 307 726 parat
326 661 444 721 contra;
467 649 594 707 iaculum
614 669 682 706 narn
703 659 817 724 torquet
838 649 868 707 in
887 651 1010 708 hostem.
1039 651 1094 726 585
1135 711 1138 718 ,

110 733 252 804 Lucagus
273 739 305 786 ut
324 746 433 802 pronus
453 729 584 803 pendens
605 727 635 784 in
655 730 774 787 verbera
793 729 853 786 telo

112 807 280 866 Admonuit
299 805 419 881 biiugos,
440 806 569 882 proiecto
590 808 660 864 dum
681 807 757 882 pede
778 808 860 865 laevo

115 891 208 961 Aptat
228 904 259 944 se
279 903 401 960 pugnae,
424 885 500 943 subit
521 903 585 944 oras
604 886 687 943 hasta
706 883 849 960 perimas

114 963 266 1039 Fulgentis
286 962 379 1038 clipei,
402 972 464 1021 tum
483 965 598 1022 laevum
618 965 743 1038 perforat
762 963 868 1038 inguen
878 985 887 1036 ς

115 1047 264 1102 Excussus
284 1061 367 1100 curru
387 1041 576 1101 moribundus
595 1041 718 1100 volvitur
737 1044 817 1100 arvis.
1037 1058 1094 1117 590

115 1123 214 1196 Quem
235 1121 299 1196 pius
319 1123 434 1178 Aeneas
454 1121 539 1179 dictis
559 1122 671 1179 adfatur
690 1120 810 1178 amaris:

115 1203 261 1274 ‘Lucage
282 1201 363 1256 nulla
381 1210 448 1257 tuos
468 1218 567 1256 currus
587 1201 655 1274 fuga
675 1197 769 1273 segnis
790 1217 931 1274 equorum

115 1277 274 1348 ‘Prodidit
296 1288 347 1335 aut
366 1296 458 1335 vanae
478 1289 587 1336 vertere
608 1297 644 1336 ex
662 1277 794 1335 hostibus
814 1277 949 1336 umbrae:

116 1359 206 1431 ‘Ipse
225 1356 295 1414 rotis
316 1356 420 1414 saliens
441 1356 506 1430 iuga
526 1355 651 1414 deseris!
693 1358 778 1413 Haec
798 1354 838 1413 ita
857 1357 932 1412 fatus

113 1435 244 1510 Arripuit
264 1434 385 1509 biiugos
428 1435 527 1492 Frater
547 1436 684 1492 tendebat
704 1433 809 1492 inertes
1038 1451 1092 1512 595

114 1513 222 1572 Infelix
242 1515 361 1588 palmas,
384 1531 466 1570 curru
488 1513 622 1587 delapsus
644 1514 765 1571 eodem:

116 1595 191 1650 ‘Per
211 1601 247 1662 te,
269 1610 321 1667 per
340 1591 391 1665 qui
410 1602 440 1650 te
462 1593 548 1650 talem
569 1610 693 1667 genuere
712 1601 853 1666 parentes,

117 1671 188 1728 ‘Vir
207 1671 340 1741 Troiane,
363 1669 425 1728 sine
445 1671 521 1728 hanc
541 1670 675 1741 animam,
698 1681 727 1729 et
747 1670 880 1729 miserere
900 1669 1061 1746 precantis!

117 1748 253 1806 Pluribus
273 1748 365 1806 oranti
386 1751 520 1807 Aeneas:
547 1750 654 1807 ‘Haud
675 1750 742 1807 talia
762 1751 873 1808 dudum

118 1828 225 1885 ‘Dicta
244 1829 341 1886 dabas.
385 1829 508 1898 Morere,
531 1838 560 1885 et
580 1829 693 1885 fratrem
714 1847 752 1885 ne
773 1829 873 1885 desere
893 1829 995 1886 fraten'
1037 1831 1094 1886 600

116 1909 202 1977 Tum,
224 1906 347 1965 latebras
367 1907 489 1974 animae,
511 1916 612 1980 peetus
632 1924 770 1963 mucrone
789 1905 918 1962 recludit.

116 1985 202 2042 Talia
221 2003 272 2059 per
292 2003 410 2058 campos
431 1984 536 2042 edebat
556 1986 655 2042 funera
675 1984 778 2042 ductor

118 2062 292 2130 Dardanius,
313 2062 445 2121 torrentis
465 2081 558 2136 aquae
578 2065 623 2120 vel
644 2061 764 2120 turbinis
784 2060 836 2119 atri

117 2145 205 2200 More
225 2143 327 2199 furens.
370 2141 504 2198 Tandem
525 2150 685 2216 erumpunt,
707 2151 736 2198 et
755 2151 847 2198 castra
866 2138 1031 2214 relinquunt

116 2219 260 2279 Ascanius
281 2237 352 2294 puer
372 2229 401 2276 et
421 2218 598 2294 nequiquam
617 2221 735 2278 obsessa
754 2219 894 2277 iuventus.
1035 2223 1090 2296 605

157 2300 303 2356 Iunonem
323 2297 431 2355 interea
451 2299 606 2372 compellat
627 2297 756 2372 Iuppiter
775 2298 868 2355 ultro:

117 2378 162 2437 ‘O
184 2395 321 2451 germana
340 2374 411 2432 mihi
431 2387 518 2449 atque
540 2376 641 2435 eadem
661 2376 819 2452 gratissima
839 2373 973 2447 coniunx,

116 2457 179 2514 ‘Ut
198 2456 305 2522 rebare,
326 2457 426 2512 Venus
447 2455 561 2530 (necte
583 2455 724 2513 sententia
743 2455 827 2532 fallit)

115 2531 275 2591 ‘Troianas
296 2542 435 2590 sustentat
455 2551 535 2607 opes,
557 2552 617 2591 uon
638 2533 733 2592 vivida
752 2534 829 2591 bello

116 2613 245 2668 ‘Dextra
264 2610 338 2682 viris,
360 2610 531 2685 animusque
551 2613 639 2682 ferox,
661 2612 831 2685 patiensque
852 2611 966 2686 pericli?
1034 2613 1092 2668 610

113 2689 173 2749 Cui
194 2692 270 2748 Iuno
290 2689 449 2748 submissa:
476 2689 579 2762 ‘Quid
603 2709 621 2747 ο
642 2689 831 2763 pulcherrime
852 2689 986 2760 coniunx,

115 2766 274 2827 ‘Sollicitas
294 2785 409 2842 aegram
430 2777 459 2824 et
479 2777 529 2824 tua
550 2767 639 2824 tristia
659 2767 737 2824 dicta
757 2766 927 2824 timentem?

115 2845 163 2904 ‘Si
185 2845 263 2916 mihi,
285 2864 359 2920 quae
380 2846 528 2920 quondam
549 2848 648 2916 fuerat,
669 2862 814 2919 quamque
835 2862 897 2902 esse
919 2845 1050 2915 decebat,

115 2923 186 2982 ‘Vis
205 2924 236 2981 in
256 2943 353 2982 amore
374 2926 464 2982 foret!
504 2925 574 2981 Non
595 2925 652 2980 hoc
672 2923 742 2979 mihi
762 2940 887 2995 namque
907 2941 1034 2997 negares,

114 3003 329 3077 ‘Omnipotens
339 3023 347 3074 3
372 3002 441 3076 quin
463 3012 491 3060 et
510 3019 625 3076 pugnae
646 3002 806 3058 subducere
827 3001 967 3071 Tumnm,
1034 3002 1090 3075 615

114 3084 172 3139 ‘Et
194 3083 301 3139 Dauno
320 3099 437 3156 possem
457 3078 633 3138 ineolumem
654 3097 765 3137 servare
785 3078 903 3152 parenti.

114 3162 221 3217 ‘Nunc
241 3171 347 3234 pereat,
369 3159 546 3232 Teucrisque
566 3158 616 3233 pio
637 3159 686 3216 det
706 3156 844 3231 sanguine
863 3175 980 3232 poenas.

115 3238 190 3312 ‘llle
211 3248 308 3296 tamen
328 3247 427 3296 nostra
447 3235 565 3294 deducit
585 3236 693 3309 origine
714 3254 829 3307 nomen,

116 3315 342 3392 ‘Pilumnusque
362 3315 403 3373 illi
423 3325 540 3394 quartus
560 3324 660 3392 pater;
683 3323 713 3372 et
733 3325 783 3372 tua
802 3315 879 3390 larga
