2460 3686
372 80 613 139 AENEIDOS
636 80 722 138 LIB.
751 81 816 137 III.

79 211 158 270 Nos
180 209 286 285 procul
305 207 376 267 inde
395 208 494 284 fugam
515 205 622 283 trepidi
642 209 768 268 celerare
788 219 908 285 recepto

77 290 234 366 Supphce
254 289 297 347 sic
318 287 430 362 merito,
446 287 586 362 tacitique
606 287 737 348 incidere
757 291 867 362 funem,

76 369 245 430 Verrimus
266 380 296 428 et
317 367 402 444 proni
422 368 601 427 certantibus
622 387 752 444 aequora
771 369 867 428 remis

76 448 200 521 Sensit,
221 449 310 508 etad
331 447 461 508 sonitum
480 448 562 508 vocis
582 448 704 523 vestigia
723 449 815 509 torsit.

75 533 206 590 Verum
226 529 278 589 ubi
298 531 378 587 nulla
397 529 484 588 datur
504 530 608 589 dextra
627 531 775 588 adfectare
796 541 935 606 potestas,
1033 535 1090 606 670

76 613 114 670 N
117 630 160 671 ec
180 610 259 686 potis
281 609 383 668 Ionios
403 611 507 668 fluctus
527 628 654 685 aequare
675 611 838 686 sequendo,

78 693 266 751 Clamorem
286 690 463 749 immensum
483 689 567 761 tollit,
583 709 643 767 quo
665 701 774 766 pontus
795 702 825 751 et
844 710 949 750 omnes

78 773 306 831 Contremuere
327 773 435 841 undae,
450 770 627 845 penitusque
648 771 784 830 exterrita
804 773 889 831 tellus

79 851 209 924 Italiae,
225 851 379 926 curvisque
399 850 543 926 immugiit
564 855 662 909 Aetna
682 851 819 910 cavernis.

79 935 131 990 At
153 950 247 1008 genus
268 950 284 989 e
305 931 384 990 silvis
405 932 570 1007 Cyclopum
591 943 621 990 et
641 931 791 991 montibus
812 931 878 991 altis
1031 936 1087 1009 675

80 1013 232 1071 Excitum
253 1010 310 1070 ruit
330 1012 369 1070 ad
389 1023 492 1087 portus
513 1023 543 1070 et
562 1011 648 1071 litora
668 1013 827 1088 complent

80 1091 251 1152 Cernimus
271 1093 420 1150 adstantes
441 1091 621 1168 nequiquam
642 1092 754 1151 lumine
774 1103 858 1152 torvo

80 1176 244 1232 Aetnaeos
264 1173 373 1244 fratres,
388 1173 471 1230 caelo
491 1173 589 1248 capita
609 1174 668 1231 alta
687 1174 822 1242 serentes,

82 1252 265 1313 Concilium
285 1253 484 1311 horrendum:
515 1255 617 1328 quales
638 1271 705 1310 cum
726 1253 835 1312 vertice
856 1255 936 1312 celso

81 1332 199 1392 Abriae
219 1352 344 1408 quercus
364 1344 415 1391 aut
435 1332 581 1392 coniferae
602 1331 742 1408 cyparissi
1031 1336 1088 1391 680

84 1412 307 1482 Constiterunt,
323 1412 395 1471 silva
414 1413 474 1470 alta
495 1413 575 1472 Iovis
596 1414 717 1472 lucusve
738 1413 861 1472 Dianae.

84 1493 273 1569 Praecipites
293 1504 388 1551 metus
408 1512 476 1551 acer
496 1493 556 1569 agit
577 1512 767 1569 quocumque
788 1496 927 1554 rudentes

87 1577 240 1633 Excutere
262 1583 290 1633 et
311 1572 405 1632 ventis
425 1572 581 1633 intendere
601 1575 666 1632 vela
678 1574 831 1633 'secundis

86 1656 207 1715 Contra
227 1654 306 1712 iussa
325 1665 448 1713 monent
470 1655 580 1712 Heleni
601 1655 728 1730 Scyllam
748 1665 837 1730 atque
857 1654 1028 1732 Charybdin

89 1737 183 1808 Inter,
205 1745 360 1809 utramque
381 1733 458 1792 viam
479 1733 530 1793 leti
552 1733 719 1794 discrimine
740 1753 839 1809 parvo,
1029 1739 1085 1812 685

88 1815 134 1873 Ni
155 1825 277 1874 teneant
296 1834 414 1874 cursus:
442 1825 552 1873 certum
575 1825 619 1874 est
639 1816 710 1874 dare
730 1815 820 1874 lintea
839 1827 924 1876 retro.

88 1897 173 1954 Ecce
193 1907 292 1954 autem
314 1897 422 1953 Boreas
442 1905 567 1970 angusta
586 1896 625 1953 ab
646 1896 716 1953 sede
738 1895 834 1954 Pelori

89 1976 205 2034 Missus
225 1976 329 2035 adest:
356 1973 423 2033 vivo
444 1976 648 2050 praetervehor
669 1973 745 2034 ostia
764 1994 836 2034 saxo

88 2055 253 2131 Pantagiae
275 2057 472 2130 Megarosque
493 2055 573 2113 sinus
594 2057 808 2129 Thapsumque
828 2055 982 2115 iacentem.

86 2135 179 2195 Talia
198 2140 382 2195 monstrabat
402 2138 532 2211 relegens
552 2146 645 2195 errata
665 2145 807 2193 retrorsus
1030 2141 1087 2212 690

88 2217 195 2276 Litora
214 2215 459 2286 Achaemenides,
475 2235 574 2274 comes
596 2214 719 2274 infelicis
742 2214 829 2274 Ulixi.

131 2296 251 2357 Sicanio
271 2306 424 2372 praetenta
444 2294 509 2355 sinu
529 2295 607 2354 iacet
627 2295 722 2354 insula
742 2306 845 2354 contra

88 2376 273 2436 Plemurium
294 2378 461 2450 undosum;
489 2395 599 2434 nomen
621 2375 720 2434 dixere
741 2375 851 2451 priores

89 2457 253 2532 Ortygiam.
296 2458 446 2532 Alpheum
466 2458 544 2514 fama
565 2468 609 2515 est
629 2457 689 2514 huc
710 2455 803 2516 Elidis
824 2477 942 2517 amnem

89 2539 236 2598 Occultas
256 2535 350 2612 egisse
370 2536 432 2594 vias
453 2537 552 2595 subter
573 2556 660 2607 mare,
677 2537 727 2612 qui
748 2556 828 2596 nunc
1030 2541 1085 2615 695

90 2621 162 2688 Ore,
178 2618 331 2689 Arethusa,
348 2627 400 2676 tuo
420 2616 523 2676 Siculis
544 2617 731 2676 confunditur
751 2617 845 2676 undis.

90 2697 169 2757 Iussi
190 2697 312 2756 numina
331 2717 439 2774 magna
459 2697 517 2756 loci
536 2716 716 2755 veneramur.
760 2699 798 2755 Et
819 2697 890 2757 inde

88 2781 244 2853 Exsupero
265 2776 445 2854 praepingue
465 2779 560 2836 solum
582 2776 742 2852 stagnantis
764 2777 888 2836 Helori:

90 2858 178 2917 Hinc
198 2859 270 2916 altas
292 2870 393 2917 cautes
413 2857 602 2934 proiectaque
624 2876 694 2915 saxa
714 2856 845 2929 Pachyni

90 2937 248 3010 Radimus,
263 2949 293 2997 et
313 2939 378 2996 satis
399 2957 561 3013 numquam
581 2956 723 2996 concessa
743 2935 856 2995 moveri
932 2949 934 2954 “
1031 2954 1087 3012 700

89 3020 225 3094 Adparet
246 3017 404 3078 Camarina
424 3020 536 3094 procul,
552 3016 709 3092 campique
730 3015 826 3088 Geloi,

92 3097 296 3173 Immanisque
318 3099 393 3158 Gela
413 3097 493 3156 fluvii
513 3096 691 3173 cognomine
712 3097 799 3157 dicta.

91 3179 209 3238 Arduus
230 3177 301 3236 inde
322 3180 451 3254 Acragas
472 3187 600 3237 ostentat
621 3176 748 3236 maxima
768 3179 855 3256 longe

93 3256 225 3331 Moenia,
242 3257 464 3334 magnanimum
485 3258 636 3333 quondam
657 3269 812 3333 generator
832 3278 975 3336 equorum
985 3281 994 3334 3

93 3344 198 3415 Teque
218 3337 295 3397 datis
316 3337 419 3414 linquo
438 3338 520 3412 velis,
536 3339 669 3415 palmosa
690 3338 814 3412 Selinus,
1032 3355 1086 3416 705
