2460 3686
125 92 180 153 190
384 75 419 135 a
450 72 640 136 varorrr
654 71 864 133 Marorvrs

124 205 184 282 Qui
206 201 259 266 suit
278 204 310 266 in
329 204 452 266 Teucris
472 215 502 264 et
522 201 757 264 servantissimus
776 201 880 278 aequi:

124 286 179 346 Dis
200 285 284 347 aliter
303 284 407 345 visum.
448 287 574 344 Pereunt
594 282 791 360 Hypanisque
811 285 992 359 Dymasque,

123 365 242 428 Confixi
261 385 280 425 a
300 365 400 440 sociis;
427 383 485 424 nec
504 375 535 424 te
554 374 606 423 tua
626 363 759 440 plurima,
782 364 907 435 Panthu,

124 449 289 506 Labentem
310 445 414 523 pietas,
435 463 492 504 nec
511 442 659 521 Apollinis
678 443 770 502 infula
790 443 869 504 texit.
1062 461 1121 519 430

125 524 209 586 Iliaci
227 525 348 597 cineres,
370 536 399 586 et
419 526 539 585 flamma
558 535 689 584 extrema
708 541 851 598 meorum,

124 609 239 678 Testor,
261 606 292 666 in
314 625 421 666 occasu
441 615 539 665 vestro
559 623 616 663 nec
636 605 695 664 tela
714 623 771 663 nec
791 605 864 664 ullas

124 685 272 747 Vitavisse
291 685 371 746 vices
392 688 540 757 Danaum,
562 695 592 744 et
612 683 637 743 si
657 685 716 743 sata
736 683 867 757 fuissent,

125 767 170 828 Ut
190 767 336 838 caderem,
358 764 498 826 meruisse
519 783 618 824 manu.
661 763 836 824 Divellimur
855 765 941 826 inde:

126 846 242 922 Iphitus
263 857 293 907 et
313 845 408 907 Pelias
429 863 546 905 mecum
557 867 565 918 ;
588 863 713 921 quorum
734 845 850 920 Iphitus
869 865 944 906 aevo
1064 866 1122 925 435

127 928 191 986 Iam
212 926 333 1004 gravior,
355 925 451 985 Pelias
471 935 502 985 et
522 927 642 984 volnere
662 926 761 984 tardus
782 924 876 1000 Ulixi,

126 1005 264 1066 Protinus
284 1007 323 1065 ad
344 1007 430 1066 sedes
451 1004 558 1065 Priami
578 1007 707 1065 clamore
728 1003 833 1064 vocati

127 1085 190 1146 Hic
207 1105 278 1146 vero
298 1086 449 1163 ingentem
469 1104 609 1162 pugnam,
632 1102 687 1144 ceu
708 1097 805 1144 cetera
825 1104 970 1163 nusquam

127 1167 211 1226 Bella
230 1167 335 1238 forent,
357 1165 428 1225 nulli
449 1176 511 1224 tota
531 1174 713 1224 morerentur
733 1165 763 1222 in
784 1167 866 1238 urbe,

126 1245 175 1306 Sic
196 1248 324 1306 Martem
343 1245 530 1317 indomitum,
553 1247 734 1321 Danaosque
755 1245 794 1304 ad
814 1256 893 1306 tecta
912 1257 1032 1306 ruentes
1061 1268 1126 1320 440
1149 1251 1151 1254 ’

91 1400 96 1408 Ι
127 1325 292 1400 Cernimus,
312 1327 525 1402 obsessumque
545 1337 613 1385 acta
632 1325 780 1384 testudine
801 1325 899 1386 limen.

127 1409 263 1467 Haerent
282 1405 442 1482 parietibus
463 1408 569 1477 scalae,
591 1416 752 1482 postesque
772 1406 827 1466 sub
848 1405 930 1482 ipsos

127 1487 270 1546 Nituntur
289 1486 435 1563 gradibus,
456 1486 627 1563 clipeosque
647 1486 686 1544 ad
706 1487 765 1544 tela
784 1484 904 1545 sinistris

127 1565 256 1626 Protecti
274 1565 415 1639 obiciunt,
437 1576 578 1642 prensant
598 1565 713 1642 fastigia
734 1565 849 1625 dextris

128 1646 317 1708 Dardanidae
338 1656 441 1706 contra
461 1656 553 1706 turres
573 1665 609 1706 ac
629 1656 708 1705 tecta
728 1646 884 1705 domorum
1062 1668 1127 1725 445

128 1727 267 1789 culmina
287 1728 470 1787 convellunt:
497 1727 543 1786 his
564 1746 604 1799 se,
627 1726 748 1802 quando
768 1725 872 1785 ultima
892 1739 1025 1792 cernunt.

129 1809 268 1867 Extrema
287 1806 346 1866 iam
367 1807 397 1866 in
418 1817 513 1866 morte
533 1817 637 1882 parant
658 1807 817 1870 defendere
838 1805 918 1876 telis;

128 1890 312 1964 Auratasque
332 1889 437 1958 trabes,
459 1897 592 1946 veterum
613 1887 721 1946 decora
740 1887 801 1946 alta
819 1898 985 1963 parentum,

128 1967 311 2027 Devolvunt:
337 1966 387 2026 alii
407 1965 513 2026 strictis
533 1967 724 2026 mucronibus
743 1964 818 2026 imas

128 2048 282 2108 Obsedere
302 2048 397 2120 fores3
417 2047 470 2106 has
491 2056 606 2106 servant
627 2045 745 2122 agmine
766 2047 867 2107 denso.
1062 2065 1132 2122 450

128 2126 287 2187 Instaurati
307 2125 407 2198 animi,
421 2125 496 2202 regis
517 2145 683 2186 succurrere
704 2126 797 2199 tectiS,

128 2207 303 2284 Auxilioque
323 2208 419 2267 levare
439 2206 525 2279 viros,
547 2206 667 2283 vimque
686 2207 795 2266 addere
815 2207 907 2268 victis

169 2287 292 2347 ‘Limen
313 2298 376 2346 erat
395 2305 562 2363 caecaeque
582 2287 659 2345 sores
679 2296 710 2345 et
729 2286 846 2361 pervius
867 2305 936 2346 usus

126 2369 288 2428 Tectorum
308 2365 384 2426 inter
404 2386 436 2427 se
458 2366 574 2438 Priami,
595 2375 754 2442 postesque
773 2365 866 2426 relicti

128 2451 157 2507 A
177 2457 269 2523 tergo,
290 2445 390 2505 inlelix
410 2466 469 2523 qua
490 2465 530 2519 se,
552 2446 625 2505 dum
645 2465 735 2522 regna
755 2449 924 2520 manebant,
1060 2465 1129 2523 455

127 2525 250 2604 Saepius
270 2527 480 2586 Andromache
500 2528 573 2586 ferre
593 2525 766 2586 incomitata
785 2529 900 2586 solebat

127 2609 177 2668 Ad
197 2625 323 2680 soceros,
345 2618 376 2666 et
395 2625 452 2666 avo
472 2624 596 2681 puerum
616 2609 797 2683 Astyanacta
815 2607 957 2666 trahebat

128 2687 233 2748 Evado
253 2688 292 2747 ad
313 2685 421 2746 summi
441 2683 555 2761 fastigia
576 2685 720 2759 culminis,
740 2687 821 2746 unde

127 2769 202 2827 Tela
221 2786 311 2826 manu
331 2765 430 2826 miseri
448 2766 598 2824 iactabant
618 2766 705 2826 inrita
723 2765 839 2826 Teucri.

127 2849 243 2906 Turrim
265 2847 295 2906 in
315 2845 469 2923 praecipiti
490 2856 617 2905 stantem
638 2845 820 2922 summisque
840 2847 895 2905 sub
915 2855 994 2904 astra
1063 2849 1131 2917 460

128 2929 274 2988 Eductam
296 2926 389 2998 tectis,
410 2926 491 2985 unde
511 2925 608 2984 omnis
628 2925 719 2985 Troia
738 2925 831 2986 videri

128 3007 167 3066 Et
188 3009 327 3066 Danaum
349 3004 452 3065 solitae
472 3023 563 3064 naves
584 3016 614 3065 et
634 3005 765 3066 Achaica
785 3017 888 3079 castra,

128 3085 267 3160 Adgressi
287 3086 363 3142 ferro
383 3084 502 3154 circum,
524 3103 585 3158 qua
604 3103 721 3143 summa
739 3087 873 3146 labantes

128 3164 282 3221 Iuncturas
302 3161 432 3219 tabulata
452 3162 572 3231 dabant,
592 3163 786 3223 convellimus
806 3164 871 3224 altis

128 3240 262 3310 Sedibus,
283 3237 517 3312 inpulimusque:
545 3255 581 3296 ea
600 3242 685 3316 lapsa
703 3254 825 3317 repente
845 3242 959 3302 ruinam
1062 3255 1125 3329 465

128 3317 207 3376 Cum
226 3315 325 3375 sonitu
344 3315 440 3385 trahit,
462 3325 491 3373 et
511 3316 650 3375 Danaum
672 3337 759 3394 super
778 3322 896 3398 agmina
915 3324 974 3380 late
