2460 3686
366 87 607 146 AENEIDOS
632 85 719 144 LIB.
748 86 814 143 III.

75 216 173 273 Nam
194 231 271 290 quae
291 209 386 288 prima
406 214 471 272 solo
492 210 585 288 ruptis
605 210 753 271 radicibus
774 213 862 271 arbos

72 293 227 365 Vellitur,
250 293 319 352 huic
339 304 403 352 atro
424 293 576 368 liquuntur
596 293 738 368 sanguine
758 302 859 367 guttae

77 377 134 434 Et
154 385 261 433 terram
282 374 352 432 tabo
373 374 533 432 maculant.
577 371 653 430 Mihi
673 372 793 447 frigidus
814 372 916 432 horror

77 455 234 514 Membra
255 453 358 529 quatit,
381 453 554 530 gelidusque
575 453 635 511 coit
655 451 811 512 tormidine
833 453 956 530 sanguis
1053 471 1091 527 30

78 537 209 594 Rursus
230 544 260 592 et
279 533 398 592 alterius
419 534 533 592 lentum
554 534 721 592 convellere
741 532 841 591 vimen

79 617 241 690 Insequor
261 625 291 672 et
312 631 414 672 causas
435 613 554 688 penitus
576 624 719 689 temptare
740 615 885 674 latentes:

79 699 167 755 Ater
188 706 218 754 et
238 693 356 752 alterius
377 693 509 770 sequitur
529 694 568 753 de
589 693 698 758 cortice
719 692 844 768 sanguis.

82 776 195 834 Multa
215 793 340 834 movens
360 773 461 832 animo
483 774 637 849 Nymphas
658 777 819 833 venerabar
839 785 968 850 agrestes

83 856 317 932 Gradivumque
338 865 458 930 patrem,
482 853 594 914 Geticis
617 853 667 930 qui
687 853 833 930 praesidet
855 855 939 927 arvis,
1055 871 1091 930 35

84 937 166 997 Rite
187 937 384 996 secundarent
404 935 483 994 visus
504 954 652 1010 omenque
673 935 811 994 levarent.

84 1016 198 1076 Tertia
219 1017 272 1076 sed
292 1027 451 1092 postquam
473 1014 585 1074 maiore
606 1014 723 1074 hastilia
743 1014 809 1074 nisu

83 1096 262 1174 Adgredior
282 1095 467 1172 genibusque
488 1096 629 1154 adversae
650 1096 786 1154 obluctor
806 1098 942 1168 harenae,

87 1175 242 1256 (Eloquar
263 1196 302 1235 an
323 1177 425 1235 sileam
433 1175 459 1253 Ρ)
488 1175 615 1251 gemitus
635 1175 822 1236 lacrimabilis
843 1177 904 1235 imo

88 1260 224 1318 Auditur
244 1257 367 1329 tumulo,
390 1267 419 1315 et
440 1276 497 1314 vox
517 1255 632 1314 reddita
652 1257 741 1316 fertur
760 1257 799 1316 ad
820 1275 922 1316 aures:
1056 1274 1095 1328 40

91 1339 195 1414 ‘Quid
216 1336 363 1408 miserum,
385 1339 496 1410 Aenea,
520 1338 649 1395 laceras?
679 1335 738 1394 iam
759 1356 847 1412 parce
868 1338 993 1413 sepulto,

93 1423 205 1478 ‘Parce
227 1417 291 1494 pias
311 1418 453 1476 scelerare
473 1436 596 1475 manus:
618 1435 680 1476 non
701 1437 749 1476 me
770 1417 825 1478 tibi
845 1417 936 1476 Troia

93 1503 277 1560 ‘Externum
298 1497 365 1556 tulit
385 1508 437 1556 aut
457 1517 542 1556 cmor
562 1497 611 1556 hic
632 1499 670 1556 de
691 1497 789 1574 stipite
811 1509 920 1558 manat.

93 1583 191 1640 ‘Heu
212 1581 279 1656 luge
300 1578 434 1638 crudeles
455 1588 553 1648 terras
575 1579 643 1654 suge
664 1576 737 1638 litus.
752 1599 880 1638 avarum.

95 1663 193 1720 ‘Nam
215 1659 380 1735 Polydorus
401 1677 474 1734 ego:
508 1657 558 1717 hic
578 1660 727 1718 confixum
748 1661 841 1720 ferrea
860 1659 932 1719 texit
1058 1676 1094 1735 45

95 1743 255 1800 ‘Telorum
277 1757 361 1815 seges
381 1750 412 1798 et
433 1737 535 1798 iaculis
556 1738 678 1798 increvit
699 1740 812 1800 acutis!

94 1825 179 1882 Tum
199 1839 270 1881 vero
290 1817 413 1894 ancipiti
433 1830 565 1879 mentem
585 1819 742 1879 formidine
763 1839 881 1896 pressus

96 1899 242 1976 Obstipui
263 1910 466 1975 steteruntque
486 1919 590 1958 comae
612 1913 641 1960 et
661 1920 720 1960 vox
740 1900 874 1960 faucibus
894 1900 996 1959 haesit.

140 1984 235 2041 Hunc
257 1981 437 2056 Polydorum
458 1980 520 2039 auri
542 1983 695 2056 quondam
716 2001 783 2039 cum
804 1981 938 2056 pondere
959 1998 1067 2055 magno

97 2061 209 2122 Infelix
230 2060 362 2119 Priamus
381 2058 479 2118 furtim
502 2063 656 2120 mandarat
677 2062 817 2120 alendum
1060 2077 1096 2136 50

96 2147 127 2202 T
129 2141 257 2201 hraeicio
277 2140 346 2216 regi,
368 2160 436 2198 cum
457 2141 516 2199 iam
538 2141 684 2200 diffideret
703 2141 790 2200 armis

99 2221 273 2282 Dardaniae
294 2221 431 2296 cingique
451 2223 554 2280 urbem
576 2223 732 2281 obsidione
752 2221 872 2282 videret.

100 2305 168 2377 Ille,
190 2313 222 2362 ut
244 2321 317 2378 opes
338 2304 446 2360 fractae
466 2303 623 2376 Teucnrm,
646 2312 675 2361 et
697 2305 827 2361 Fortuna
847 2300 975 2375 recessit,

101 2388 167 2443 Res
186 2381 438 2459 Agamemnonias
458 2381 647 2457 victriciaque
667 2402 748 2442 arma
768 2394 885 2442 secutus

102 2468 162 2524 Fas
183 2482 272 2522 omne
293 2461 459 2537 abrumpit:
482 2464 662 2538 Polydorum
683 2467 849 2535 obtruncat,
871 2474 900 2523 et
921 2483 993 2522 auro
1061 2479 1096 2539 55

102 2543 143 2604 Vi
164 2543 281 2620 potitur.
325 2542 407 2616 Quid
428 2562 489 2601 non
510 2542 644 2602 mortalia
663 2556 785 2620 pectora
805 2543 896 2620 cogis,

104 2625 177 2684 Auri
197 2643 280 2683 sacra
299 2625 409 2682 fames!
430 2635 588 2699 postquam
609 2643 700 2700 pavor
720 2644 788 2684 ossa
808 2623 932 2699 reliquit,

105 2707 247 2765 Delectos
268 2702 370 2780 populi
390 2704 429 2763 ad
450 2723 584 2779 proceres
605 2704 791 2780 primumque
812 2715 965 2781 parentem

106 2788 242 2846 Monstra
262 2787 353 2845 deum
373 2785 467 2844 refero
488 2795 518 2844 et
538 2804 615 2861 quae
635 2783 673 2843 sit
693 2785 838 2844 sententia
857 2802 957 2860 posco.

106 2865 254 2928 Omnibus
274 2865 353 2924 idem
376 2864 502 2936 animus,
524 2866 664 2924 scelerata
686 2865 827 2923 excedere
848 2875 929 2936 terra,
1061 2866 1100 2922 60

106 2945 216 3022 Linqui
236 2947 383 3022 pollutum
404 2945 563 3020 hospitium
585 2956 615 3003 et
636 2945 705 3004 dare
726 2942 866 3004 classibus
887 2948 1019 3005 Austros.

107 3031 186 3104 Ergo
205 3025 400 3085 instauramus
422 3027 570 3101 Polydoro
590 3027 686 3097 funus,
708 3035 737 3084 et
757 3023 862 3101 ingens

108 3106 261 3184 Aggeritur
280 3108 394 3166 tumulo
414 3107 500 3165 tellus
510 3126 518 3177 3
539 3117 617 3164 stant
638 3104 773 3165 manibus
794 3125 862 3167 arae

109 3187 258 3249 Caeruleis
279 3197 410 3246 maestae
430 3185 510 3244 vittis
531 3193 651 3262 atraque
672 3205 820 3262 cupresso,

110 3271 148 3329 Et
167 3267 276 3327 circum
299 3266 408 3326 lliades
429 3265 540 3324 crinem
562 3267 600 3325 de
621 3284 702 3325 more
723 3267 858 3339 solutae,
1064 3266 1100 3338 65

111 3348 265 3410 Inferimus
285 3345 386 3422 tepido
407 3343 574 3421 spumantia
593 3347 711 3421 cymbia
731 3346 815 3415 lacte,
