2462 3678
345 94 586 154 AENEIDOS
611 95 696 153 ΠΒ.
732 97 818 154 VIII.
947 155 977 218 r
1011 119 1068 180 305

29 220 206 279 Alituum
226 222 436 296 pecudumque
456 241 549 298 genus
570 241 659 299 sopor
679 225 755 282 altus
776 224 926 283 habebatr
960 222 986 242 '*

31 301 148 359 Cum
169 312 253 376 pater
271 301 303 359 in
323 301 388 376 ripa
407 301 557 378 gelidique
577 305 634 362 sub
653 304 778 364 aetheris
799 323 853 364 axe

33 383 199 452 Aeneas,
222 380 297 440 tristi
317 381 451 441 turbatus
472 393 592 457 pectora
612 384 698 454 bello,

35 459 240 532 Procubuit,
264 480 418 536 seramque
440 461 522 521 dedit
541 481 594 538 per
614 465 747 522 membra
767 461 905 538 quietem.
1030 483 1069 538 30

37 539 155 598 Huic
177 540 250 599 deus
270 539 334 616 ipse
354 540 414 600 loci
433 541 524 601 fluvio
545 542 701 602 Tiberinus
722 561 850 602 amoeno

40 620 220 695 Populeas
240 619 318 679 inter
337 620 435 680 senior
455 641 487 680 se
507 623 640 681 attollere
660 622 780 682 frondes

40 699 162 758 Visus
168 722 177 773 ;
201 719 269 759 eum
291 701 387 760 tenuis
408 703 514 776 glauco
534 702 650 761 velabat
671 701 781 760 amictu

43 779 229 850 Carbasus,
251 791 281 839 et
301 780 395 840 crines
416 782 555 840 umbrosa
575 782 692 858 tegebat
712 783 844 855 arundo;

42 861 152 918 Turn
176 859 217 917 sic
238 859 338 931 adfari,
361 871 390 920 et
411 880 496 920 curas
516 861 562 920 his
582 862 701 921 demere
723 861 826 923 dictis:
1029 879 1066 939 35

107 940 162 998 ‘O
184 950 246 999 sate
265 951 353 1014 gente
375 941 474 1012 deum,
497 941 657 1000 Troianam
678 960 714 1000 ex
734 941 867 1000 hostibus
887 942 990 1000 urbem

49 1019 155 1094 ‘Qui
176 1019 289 1078 revehis
310 1019 397 1080 nobis
417 1031 595 1096 aeternaque
616 1024 757 1098 Pergama
777 1040 883 1093 servas,

50 1102 258 1174 ‘Expectare
279 1101 344 1159 solo
364 1100 506 1160 Laurenti
526 1101 661 1177 arvisque
682 1100 802 1172 Latinis,

53 1179 157 1237 ‘Hic
177 1178 230 1238 tibi
250 1190 330 1239 certa
350 1181 466 1254 domus,
489 1179 569 1253 certi,
590 1200 629 1240 ne
650 1180 767 1253 absiste,
788 1190 910 1256 penates
921 1200 932 1254 3

54 1261 164 1318 ‘Neu
184 1258 254 1318 belli
273 1269 380 1319 terrere
400 1259 503 1318 minis:
525 1271 623 1319 tumor
644 1260 741 1319 omnis
762 1271 791 1319 et
811 1259 870 1319 irae
1030 1281 1071 1331 40

55 1341 276 1400 ‘Concessere
297 1340 396 1399 deum.

57 1421 218 1493 ‘Iamque
238 1417 299 1489 tibi,
322 1438 360 1478 ne
379 1437 457 1477 vana
476 1431 563 1494 putes
584 1420 658 1477 haec
678 1420 789 1494 fingere
810 1438 956 1491 somnum,
1037 1429 1040 1436 ’

58 1497 220 1558 ‘Litoreis
240 1497 343 1574 ingens
364 1497 484 1557 inventa
505 1499 560 1558 sub
581 1498 697 1557 ilicibus
717 1517 776 1571 sua,

61 1577 228 1654 ‘Triginta
248 1578 377 1654 capitum
398 1580 474 1637 fetus
496 1578 589 1651 enixa,
610 1577 728 1650 iacebit,

62 1659 182 1729 ‘Alba
205 1660 269 1717 solo
289 1659 442 1729 recubans,
464 1657 525 1717 albi
545 1657 655 1717 circum
677 1661 767 1718 ubera
787 1657 856 1718 nati.
1032 1675 1069 1736 45

64 1737 159 1796 ‘Hic
179 1738 263 1796 locus
283 1738 363 1797 urbis
384 1737 447 1807 erit,
468 1737 583 1814 requies
603 1757 640 1797 ea
660 1749 740 1797 certa
759 1739 902 1810 laborum,

65 1821 143 1877 ‘Ex
163 1837 223 1892 quo
244 1829 288 1876 ter
309 1817 393 1877 denis
412 1819 517 1877 urbem
537 1818 728 1877 redeuntibus
748 1818 832 1876 annis

65 1897 238 1956 ‘Ascanius
259 1897 329 1956 clari
349 1899 461 1958 condet
482 1897 667 1972 cognominis
688 1899 804 1957 Albam.

66 1979 189 2036 ‘Haud
210 1979 321 2037 incerta
341 1997 424 2036 cano.
468 1980 558 2036 Nunc
580 1997 639 2052 qua
658 1977 772 2036 ratione
793 1978 875 2052 quod
896 1976 984 2036 instat

68 2057 243 2134 ‘Expedias
262 2057 365 2128 victor,
385 2057 495 2133 paucis,
517 2059 644 2130 adverte,
667 2057 789 2116 docebo
1035 2073 1073 2132 50

70 2138 226 2197 ‘Arcades
246 2137 292 2202 his
313 2137 378 2210 oris,
400 2157 494 2213 genus
514 2157 533 2195 a
554 2139 685 2196 Pallante
705 2138 878 2212 profectum,

70 2215 158 2292 ‘Qui
178 2237 277 2294 regem
298 2218 470 2276 Euandrum
490 2217 623 2290 comites,
644 2215 697 2292 qui
716 2215 799 2292 signa
818 2213 920 2288 secuti,

70 2299 240 2374 ‘Delegere
259 2299 359 2356 locum
381 2308 409 2357 et
430 2315 554 2372 posuere
575 2296 605 2354 in
626 2296 776 2356 montibus
796 2297 900 2355 urbem

72 2377 237 2438 ‘Pallantis
258 2377 359 2453 proavi
380 2379 417 2436 de
439 2376 560 2455 nornine
581 2377 783 2436 Pallanteum:

72 2457 140 2516 ‘Hi
160 2457 272 2516 bellum
292 2457 418 2516 adsidue
439 2457 552 2515 ducunt
572 2475 640 2514 cum
660 2467 747 2533 gente
769 2456 893 2530 Latina3
1034 2471 1069 2532 55

73 2539 165 2596 ‘Hos
186 2536 286 2595 castris
307 2537 418 2596 adhibe
439 2536 545 2607 socios,
568 2547 597 2595 et
618 2538 739 2596 foedera
758 2535 856 2614 iunge.
923 2561 924 2564 ¹

73 2618 167 2693 ‘Ipse
189 2635 244 2692 ego
265 2627 294 2676 te
315 2615 385 2692 ripis
406 2626 436 2676 et
456 2625 538 2676 recto
558 2615 678 2675 flumine
700 2617 815 2688 ducam,

74 2698 261 2756 ‘Adversum
281 2696 369 2756 remis
389 2715 508 2772 superes
529 2697 686 2756 subvectus
706 2706 739 2754 ut
759 2715 885 2754 amnem.

77 2780 189 2853 ‘Surge
209 2795 271 2852 age,
293 2787 363 2835 nate
384 2777 449 2848 dea,
471 2775 630 2851 primisque
651 2774 826 2833 cadentibus
846 2772 930 2832 astris

77 2854 209 2916 ‘lunoni
228 2857 272 2917 fer
291 2855 345 2916 rite
366 2874 476 2931 preces,
498 2855 634 2930 iramque
652 2853 805 2928 minasque
1034 2851 1073 2909 60

77 2935 283 3012 ‘Supplicibus
303 2955 410 3011 supera
429 2935 513 2995 votis.
558 2933 635 2993 Mihi
655 2932 750 2992 victor
770 2934 913 2991 honorem

78 3016 259 3076 ‘Persolves
303 3018 369 3092 Ego
390 3035 464 3086 sum,
486 3017 576 3091 pleno
598 3032 687 3090 quem
708 3011 830 3071 flumine
851 3009 946 3071 cernis

77 3095 295 3171 ‘stringentem
315 3096 402 3171 ripas,
423 3105 453 3154 et
472 3094 593 3171 pinguia
614 3095 694 3152 culta
714 3104 873 3166 secantem,

81 3176 258 3238 ‘Caeruleus
278 3173 413 3251 Thybris,
436 3177 519 3234 caelo
539 3172 719 3251 gratissimus
740 3172 844 3231 amnis.

80 3255 160 3316 ‘Hic
180 3254 254 3313 mihi
274 3273 381 3330 magna
401 3255 517 3326 domuS,
539 3254 624 3312 celsis
644 3263 733 3328 caput
752 3252 881 3324 urbibus,
903 3249 981 3310 exit!
1034 3251 1072 3326 65

121 3334 211 3408 Dixit,
234 3334 344 3395 deinde
364 3336 431 3394 lacu
452 3334 556 3393 fluvius
577 3353 608 3393 se
629 3333 764 3393 condidit
784 3334 853 3402 altu,

162 3457 185 3501 S·
201 3459 229 3501 V.
245 3458 265 3502 1.
956 3459 994 3499 20
