<?xml version="1.0" encoding="UTF-8"?>
<!DOCTYPE html PUBLIC "-//W3C//DTD XHTML 1.0 Transitional//EN"
    "http://www.w3.org/TR/xhtml1/DTD/xhtml1-transitional.dtd">
<html xmlns="http://www.w3.org/1999/xhtml" xml:lang="en" lang="en">
 <head>
  <title>
</title>
<meta http-equiv="Content-Type" content="text/html;charset=utf-8" />
  <meta name='ocr-system' content='tesseract 3.04.00' />
  <meta name='ocr-capabilities' content='ocr_page ocr_carea ocr_par ocr_line ocrx_word'/>
</head>
<body>
  <div class='ocr_page' id='page_1' title='image "./pvergilimaronis13virggoog/pvergilimaronis13virggoog_0245.png"; bbox 0 0 2460 3686; ppageno 0'>
   <div class='ocr_carea' id='block_1_1' title="bbox 131 52 1034 134">
    <p class='ocr_par' dir='ltr' id='par_1_1' title="bbox 131 52 1034 134">
     <span class='ocr_line' id='line_1_1' title="bbox 131 52 1034 134; baseline -0.002 -18"><span class='ocrx_word' id='word_1_1' title='bbox 131 60 188 134; x_wconf 81' lang='lat'>236</span> <span class='ocrx_word' id='word_1_2' title='bbox 232 54 267 111; x_wconf 88' lang='lat' dir='ltr'>P.</span> <span class='ocrx_word' id='word_1_3' title='bbox 297 52 488 112; x_wconf 87' lang='lat' dir='ltr'><em>VERGILI</em></span> <span class='ocrx_word' id='word_1_4' title='bbox 508 53 720 114; x_wconf 85' lang='lat' dir='ltr'><em>MARONIS</em></span> <span class='ocrx_word' id='word_1_5' title='bbox 737 55 842 113; x_wconf 84' lang='lat' dir='ltr'><em>AEN.</em></span> <span class='ocrx_word' id='word_1_6' title='bbox 865 55 950 114; x_wconf 89' lang='lat' dir='ltr'><em>LIB.</em></span> <span class='ocrx_word' id='word_1_7' title='bbox 975 56 1034 114; x_wconf 90' lang='lat' dir='ltr'>IV.</span> 
     </span>
    </p>
   </div>
   <div class='ocr_carea' id='block_1_2' title="bbox 120 177 1121 3387">
    <p class='ocr_par' dir='ltr' id='par_1_2' title="bbox 123 177 1121 2343">
     <span class='ocr_line' id='line_1_2' title="bbox 129 177 926 257; baseline 0.001 -18"><span class='ocrx_word' id='word_1_8' title='bbox 129 177 212 239; x_wconf 85' lang='lat' dir='ltr'>Atria</span> <span class='ocrx_word' id='word_1_9' title='bbox 223 198 232 252; x_wconf 81' lang='lat'>3</span> <span class='ocrx_word' id='word_1_10' title='bbox 258 197 433 238; x_wconf 86' lang='lat' dir='ltr'>concussam</span> <span class='ocrx_word' id='word_1_11' title='bbox 453 179 612 238; x_wconf 91' lang='lat' dir='ltr'>bacchatur</span> <span class='ocrx_word' id='word_1_12' title='bbox 633 181 725 239; x_wconf 86' lang='lat' dir='ltr'>Fama</span> <span class='ocrx_word' id='word_1_13' title='bbox 744 200 798 257; x_wconf 89' lang='lat' dir='ltr'>per</span> <span class='ocrx_word' id='word_1_14' title='bbox 816 182 926 242; x_wconf 91' lang='lat' dir='ltr'>urbem.</span> 
     </span>
     <span class='ocr_line' id='line_1_3' title="bbox 130 257 832 336; baseline 0.003 -18"><span class='ocrx_word' id='word_1_15' title='bbox 130 258 282 328; x_wconf 73' lang='lat' dir='ltr'>Lamentis</span> <span class='ocrx_word' id='word_1_16' title='bbox 301 258 472 336; x_wconf 83' lang='lat' dir='ltr'>gemituque</span> <span class='ocrx_word' id='word_1_17' title='bbox 492 270 522 319; x_wconf 92' lang='lat' dir='ltr'>et</span> <span class='ocrx_word' id='word_1_18' title='bbox 541 259 671 321; x_wconf 87' lang='lat' dir='ltr'>femineo</span> <span class='ocrx_word' id='word_1_19' title='bbox 691 261 804 320; x_wconf 86' lang='lat' dir='ltr'>ululatu</span> <span class='ocrx_word' id='word_1_20' title='bbox 828 257 832 266; x_wconf 81' lang='grc'><em>’</em></span> 
     </span>
     <span class='ocr_line' id='line_1_4' title="bbox 129 339 1017 418; baseline 0.007 -21"><span class='ocrx_word' id='word_1_21' title='bbox 129 342 224 400; x_wconf 85' lang='lat' dir='ltr'>Tecta</span> <span class='ocrx_word' id='word_1_22' title='bbox 244 341 372 400; x_wconf 80' lang='lat' dir='ltr'>fremunt</span> <span class='ocrx_word' id='word_1_23' title='bbox 382 360 391 413; x_wconf 92' lang='lat'>;</span> <span class='ocrx_word' id='word_1_24' title='bbox 419 350 537 399; x_wconf 89' lang='lat' dir='ltr'>resonat</span> <span class='ocrx_word' id='word_1_25' title='bbox 558 339 671 416; x_wconf 87' lang='lat' dir='ltr'>magnis</span> <span class='ocrx_word' id='word_1_26' title='bbox 696 339 886 418; x_wconf 83' lang='lat' dir='ltr'>plangoribus</span> <span class='ocrx_word' id='word_1_27' title='bbox 907 345 1017 404; x_wconf 88' lang='lat' dir='ltr'>aether.</span> 
     </span>
     <span class='ocr_line' id='line_1_5' title="bbox 129 418 963 496; baseline 0.006 -18"><span class='ocrx_word' id='word_1_28' title='bbox 129 421 200 480; x_wconf 92' lang='lat' dir='ltr'>Non</span> <span class='ocrx_word' id='word_1_29' title='bbox 220 418 304 480; x_wconf 88' lang='lat' dir='ltr'>aliter</span> <span class='ocrx_word' id='word_1_30' title='bbox 323 439 413 496; x_wconf 88' lang='lat' dir='ltr'>quam</span> <span class='ocrx_word' id='word_1_31' title='bbox 434 419 459 480; x_wconf 91' lang='lat' dir='ltr'>si</span> <span class='ocrx_word' id='word_1_32' title='bbox 480 419 607 480; x_wconf 87' lang='lat' dir='ltr'>inmissis</span> <span class='ocrx_word' id='word_1_33' title='bbox 627 432 692 480; x_wconf 90' lang='lat' dir='ltr'>ruat</span> <span class='ocrx_word' id='word_1_34' title='bbox 713 422 846 482; x_wconf 87' lang='lat' dir='ltr'>hostibus</span> <span class='ocrx_word' id='word_1_35' title='bbox 867 423 963 484; x_wconf 91' lang='lat' dir='ltr'>omnis</span> 
     </span>
     <span class='ocr_line' id='line_1_6' title="bbox 129 499 1121 580; baseline 0.001 -19"><span class='ocrx_word' id='word_1_36' title='bbox 129 501 285 576; x_wconf 85' lang='lat' dir='ltr'>Carthag0,</span> <span class='ocrx_word' id='word_1_37' title='bbox 307 511 358 559; x_wconf 86' lang='lat' dir='ltr'>aut</span> <span class='ocrx_word' id='word_1_38' title='bbox 377 499 500 576; x_wconf 87' lang='lat' dir='ltr'>antiqua</span> <span class='ocrx_word' id='word_1_39' title='bbox 519 504 622 576; x_wconf 89' lang='lat' dir='ltr'>Tyros,</span> <span class='ocrx_word' id='word_1_40' title='bbox 645 501 840 578; x_wconf 84' lang='lat' dir='ltr'>flammaeque</span> <span class='ocrx_word' id='word_1_41' title='bbox 862 505 991 564; x_wconf 83' lang='lat' dir='ltr'>furentes</span> <span class='ocrx_word' id='word_1_42' title='bbox 1066 508 1121 580; x_wconf 85' lang='lat'>670</span> 
     </span>
     <span class='ocr_line' id='line_1_7' title="bbox 129 580 1032 672; baseline 0.001 -30"><span class='ocrx_word' id='word_1_43' title='bbox 129 580 267 642; x_wconf 90' lang='lat' dir='ltr'>Culmina</span> <span class='ocrx_word' id='word_1_44' title='bbox 286 599 398 672; x_wconf 80' lang='lat' dir='ltr'>perque</span> <span class='ocrx_word' id='word_1_45' title='bbox 418 580 573 640; x_wconf 91' lang='lat' dir='ltr'>hominum</span> <span class='ocrx_word' id='word_1_46' title='bbox 594 583 747 640; x_wconf 84' lang='lat' dir='ltr'>volvantur</span> <span class='ocrx_word' id='word_1_47' title='bbox 767 601 877 659; x_wconf 89' lang='lat' dir='ltr'>perque</span> <span class='ocrx_word' id='word_1_48' title='bbox 898 585 1032 645; x_wconf 92' lang='lat' dir='ltr'>deorum.</span> 
     </span>
     <span class='ocr_line' id='line_1_8' title="bbox 128 659 860 737; baseline 0.005 -19"><span class='ocrx_word' id='word_1_49' title='bbox 128 659 230 721; x_wconf 89' lang='lat' dir='ltr'>Audiit</span> <span class='ocrx_word' id='word_1_50' title='bbox 250 659 400 733; x_wconf 88' lang='lat' dir='ltr'>exanimis,</span> <span class='ocrx_word' id='word_1_51' title='bbox 422 660 598 737; x_wconf 91' lang='lat' dir='ltr'>trepidoque</span> <span class='ocrx_word' id='word_1_52' title='bbox 618 661 754 721; x_wconf 85' lang='lat' dir='ltr'>exterrita</span> <span class='ocrx_word' id='word_1_53' title='bbox 774 683 860 722; x_wconf 91' lang='lat' dir='ltr'>cursu</span> 
     </span>
     <span class='ocr_line' id='line_1_9' title="bbox 129 739 920 834; baseline 0.004 -33"><span class='ocrx_word' id='word_1_54' title='bbox 129 739 287 818; x_wconf 85' lang='lat' dir='ltr'>Unguibus</span> <span class='ocrx_word' id='word_1_55' title='bbox 307 760 359 800; x_wconf 86' lang='lat' dir='ltr'>ora</span> <span class='ocrx_word' id='word_1_56' title='bbox 379 760 462 800; x_wconf 92' lang='lat' dir='ltr'>soror</span> <span class='ocrx_word' id='word_1_57' title='bbox 481 741 604 800; x_wconf 79' lang='lat' dir='ltr'>foedans</span> <span class='ocrx_word' id='word_1_58' title='bbox 625 751 655 800; x_wconf 93' lang='lat' dir='ltr'>et</span> <span class='ocrx_word' id='word_1_59' title='bbox 675 755 795 834; x_wconf 82' lang='lat' dir='ltr'>pectora</span> <span class='ocrx_word' id='word_1_60' title='bbox 815 744 920 820; x_wconf 86' lang='lat' dir='ltr'>pugnis</span> 
     </span>
     <span class='ocr_line' id='line_1_10' title="bbox 129 820 947 894; baseline 0.006 -15"><span class='ocrx_word' id='word_1_61' title='bbox 129 823 186 881; x_wconf 92' lang='lat' dir='ltr'>Per</span> <span class='ocrx_word' id='word_1_62' title='bbox 206 820 320 882; x_wconf 86' lang='lat' dir='ltr'>medios</span> <span class='ocrx_word' id='word_1_63' title='bbox 340 821 405 894; x_wconf 88' lang='lat' dir='ltr'>ruit,</span> <span class='ocrx_word' id='word_1_64' title='bbox 426 840 463 880; x_wconf 88' lang='lat' dir='ltr'>ac</span> <span class='ocrx_word' id='word_1_65' title='bbox 483 820 658 881; x_wconf 90' lang='lat' dir='ltr'>morientem</span> <span class='ocrx_word' id='word_1_66' title='bbox 678 821 799 883; x_wconf 90' lang='lat' dir='ltr'>nomine</span> <span class='ocrx_word' id='word_1_67' title='bbox 820 825 947 884; x_wconf 87' lang='lat' dir='ltr'>clamat.</span> 
     </span>
     <span class='ocr_line' id='line_1_11' title="bbox 129 901 1118 982; baseline 0.005 -22"><span class='ocrx_word' id='word_1_68' title='bbox 129 903 219 961; x_wconf 90' lang='lat' dir='ltr'>‘Hoc</span> <span class='ocrx_word' id='word_1_69' title='bbox 239 901 319 971; x_wconf 84' lang='lat' dir='ltr'>illud,</span> <span class='ocrx_word' id='word_1_70' title='bbox 341 921 488 978; x_wconf 81' lang='lat' dir='ltr'>germana,</span> <span class='ocrx_word' id='word_1_71' title='bbox 511 901 587 961; x_wconf 87' lang='lat' dir='ltr'>fuit?</span> <span class='ocrx_word' id='word_1_72' title='bbox 615 920 664 961; x_wconf 91' lang='lat' dir='ltr'>me</span> <span class='ocrx_word' id='word_1_73' title='bbox 684 903 786 964; x_wconf 80' lang='lat' dir='ltr'>fraude</span> <span class='ocrx_word' id='word_1_74' title='bbox 807 907 951 980; x_wconf 86' lang='lat' dir='ltr'>petebas?</span> <span class='ocrx_word' id='word_1_75' title='bbox 1063 909 1118 982; x_wconf 84' lang='lat'>675</span> 
     </span>
     <span class='ocr_line' id='line_1_12' title="bbox 129 981 1015 1061; baseline 0.006 -21"><span class='ocrx_word' id='word_1_76' title='bbox 129 983 218 1042; x_wconf 91' lang='lat' dir='ltr'>‘Hoc</span> <span class='ocrx_word' id='word_1_77' title='bbox 237 1001 324 1058; x_wconf 87' lang='lat' dir='ltr'>rogus</span> <span class='ocrx_word' id='word_1_78' title='bbox 344 981 400 1041; x_wconf 90' lang='lat' dir='ltr'>iste</span> <span class='ocrx_word' id='word_1_79' title='bbox 420 981 500 1053; x_wconf 89' lang='lat' dir='ltr'>mihi,</span> <span class='ocrx_word' id='word_1_80' title='bbox 522 983 581 1041; x_wconf 92' lang='lat' dir='ltr'>hoc</span> <span class='ocrx_word' id='word_1_81' title='bbox 600 981 682 1058; x_wconf 88' lang='lat' dir='ltr'>ignes</span> <span class='ocrx_word' id='word_1_82' title='bbox 702 1002 830 1060; x_wconf 87' lang='lat' dir='ltr'>araeque</span> <span class='ocrx_word' id='word_1_83' title='bbox 850 986 1015 1061; x_wconf 83' lang='lat' dir='ltr'>parabant?</span> 
     </span>
     <span class='ocr_line' id='line_1_13' title="bbox 129 1061 1009 1139; baseline 0.006 -19"><span class='ocrx_word' id='word_1_84' title='bbox 129 1061 227 1138; x_wconf 89' lang='lat' dir='ltr'>‘Quid</span> <span class='ocrx_word' id='word_1_85' title='bbox 245 1062 371 1139; x_wconf 90' lang='lat' dir='ltr'>primum</span> <span class='ocrx_word' id='word_1_86' title='bbox 391 1063 507 1122; x_wconf 90' lang='lat' dir='ltr'>deserta</span> <span class='ocrx_word' id='word_1_87' title='bbox 527 1065 652 1138; x_wconf 83' lang='lat' dir='ltr'>querar?</span> <span class='ocrx_word' id='word_1_88' title='bbox 679 1062 859 1124; x_wconf 86' lang='lat' dir='ltr'>comitemne</span> <span class='ocrx_word' id='word_1_89' title='bbox 879 1085 1009 1127; x_wconf 89' lang='lat' dir='ltr'>sororem</span> 
     </span>
     <span class='ocr_line' id='line_1_14' title="bbox 129 1140 985 1218; baseline 0.002 -16"><span class='ocrx_word' id='word_1_90' title='bbox 129 1141 285 1218; x_wconf 89' lang='lat' dir='ltr'>‘Sprevisti</span> <span class='ocrx_word' id='word_1_91' title='bbox 306 1140 454 1202; x_wconf 86' lang='lat' dir='ltr'>moriens?</span> <span class='ocrx_word' id='word_1_92' title='bbox 486 1143 599 1202; x_wconf 90' lang='lat' dir='ltr'>Eadem</span> <span class='ocrx_word' id='word_1_93' title='bbox 621 1163 669 1203; x_wconf 90' lang='lat' dir='ltr'>me</span> <span class='ocrx_word' id='word_1_94' title='bbox 690 1145 810 1204; x_wconf 89' lang='lat' dir='ltr'>adfata</span> <span class='ocrx_word' id='word_1_95' title='bbox 832 1165 985 1206; x_wconf 89' lang='lat' dir='ltr'>vocasses:</span> 
     </span>
     <span class='ocr_line' id='line_1_15' title="bbox 129 1223 1038 1299; baseline 0.004 -17"><span class='ocrx_word' id='word_1_96' title='bbox 129 1223 234 1282; x_wconf 89' lang='lat' dir='ltr'>‘Idem</span> <span class='ocrx_word' id='word_1_97' title='bbox 254 1223 357 1282; x_wconf 91' lang='lat' dir='ltr'>ambas</span> <span class='ocrx_word' id='word_1_98' title='bbox 377 1223 453 1282; x_wconf 87' lang='lat' dir='ltr'>ferro</span> <span class='ocrx_word' id='word_1_99' title='bbox 474 1224 567 1295; x_wconf 91' lang='lat' dir='ltr'>dolor,</span> <span class='ocrx_word' id='word_1_100' title='bbox 588 1234 677 1299; x_wconf 86' lang='lat' dir='ltr'>atque</span> <span class='ocrx_word' id='word_1_101' title='bbox 698 1225 802 1284; x_wconf 89' lang='lat' dir='ltr'>eadem</span> <span class='ocrx_word' id='word_1_102' title='bbox 824 1226 896 1285; x_wconf 91' lang='lat' dir='ltr'>hora</span> <span class='ocrx_word' id='word_1_103' title='bbox 916 1226 1038 1286; x_wconf 84' lang='lat' dir='ltr'>tulisset</span> 
     </span>
     <span class='ocr_line' id='line_1_16' title="bbox 130 1302 1118 1380; baseline 0.001 -18"><span class='ocrx_word' id='word_1_104' title='bbox 130 1303 204 1362; x_wconf 94' lang='lat' dir='ltr'>‘His</span> <span class='ocrx_word' id='word_1_105' title='bbox 226 1302 315 1362; x_wconf 88' lang='lat' dir='ltr'>etiam</span> <span class='ocrx_word' id='word_1_106' title='bbox 339 1304 429 1362; x_wconf 88' lang='lat' dir='ltr'>struxi</span> <span class='ocrx_word' id='word_1_107' title='bbox 453 1303 597 1374; x_wconf 89' lang='lat' dir='ltr'>manibus,</span> <span class='ocrx_word' id='word_1_108' title='bbox 619 1302 788 1380; x_wconf 90' lang='lat' dir='ltr'>patriosque</span> <span class='ocrx_word' id='word_1_109' title='bbox 808 1305 911 1365; x_wconf 93' lang='lat' dir='ltr'>vocavi</span> <span class='ocrx_word' id='word_1_110' title='bbox 1063 1309 1118 1366; x_wconf 89' lang='lat'>680</span> 
     </span>
     <span class='ocr_line' id='line_1_17' title="bbox 129 1383 939 1460; baseline 0.004 -18"><span class='ocrx_word' id='word_1_111' title='bbox 129 1386 230 1443; x_wconf 89' lang='lat' dir='ltr'>‘Voce</span> <span class='ocrx_word' id='word_1_112' title='bbox 251 1384 332 1454; x_wconf 91' lang='lat' dir='ltr'>deos,</span> <span class='ocrx_word' id='word_1_113' title='bbox 353 1383 396 1442; x_wconf 91' lang='lat' dir='ltr'>sic</span> <span class='ocrx_word' id='word_1_114' title='bbox 416 1394 446 1444; x_wconf 91' lang='lat' dir='ltr'>te</span> <span class='ocrx_word' id='word_1_115' title='bbox 466 1395 499 1443; x_wconf 90' lang='lat' dir='ltr'>ut</span> <span class='ocrx_word' id='word_1_116' title='bbox 519 1383 616 1460; x_wconf 88' lang='lat' dir='ltr'>posita</span> <span class='ocrx_word' id='word_1_117' title='bbox 635 1384 762 1444; x_wconf 91' lang='lat' dir='ltr'>crudelis</span> <span class='ocrx_word' id='word_1_118' title='bbox 782 1387 939 1445; x_wconf 83' lang='lat' dir='ltr'>abessem?</span> 
     </span>
     <span class='ocr_line' id='line_1_18' title="bbox 128 1463 994 1542; baseline 0.002 -18"><span class='ocrx_word' id='word_1_119' title='bbox 128 1463 293 1524; x_wconf 85' lang='lat' dir='ltr'>‘Exstinxti</span> <span class='ocrx_word' id='word_1_120' title='bbox 313 1473 343 1523; x_wconf 94' lang='lat' dir='ltr'>te</span> <span class='ocrx_word' id='word_1_121' title='bbox 363 1483 478 1540; x_wconf 88' lang='lat' dir='ltr'>meque,</span> <span class='ocrx_word' id='word_1_122' title='bbox 501 1483 591 1536; x_wconf 87' lang='lat' dir='ltr'>soror,</span> <span class='ocrx_word' id='word_1_123' title='bbox 613 1465 817 1541; x_wconf 91' lang='lat' dir='ltr'>populumque</span> <span class='ocrx_word' id='word_1_124' title='bbox 837 1477 994 1542; x_wconf 89' lang='lat' dir='ltr'>patresque</span> 
     </span>
     <span class='ocr_line' id='line_1_19' title="bbox 127 1543 994 1624; baseline 0.002 -20.045"><span class='ocrx_word' id='word_1_125' title='bbox 127 1543 293 1616; x_wconf 69' lang='lat' dir='ltr'>‘Sidonios</span> <span class='ocrx_word' id='word_1_126' title='bbox 314 1545 475 1620; x_wconf 91' lang='lat' dir='ltr'>urbemque</span> <span class='ocrx_word' id='word_1_127' title='bbox 496 1555 585 1604; x_wconf 87' lang='lat' dir='ltr'>tuam.</span> <span class='ocrx_word' id='word_1_128' title='bbox 630 1547 707 1603; x_wconf 90' lang='lat' dir='ltr'>Date</span> <span class='ocrx_word' id='word_1_129' title='bbox 726 1548 847 1605; x_wconf 90' lang='lat' dir='ltr'>volnera</span> <span class='ocrx_word' id='word_1_130' title='bbox 867 1547 994 1624; x_wconf 91' lang='lat' dir='ltr'>lymphis</span> 
     </span>
     <span class='ocr_line' id='line_1_20' title="bbox 128 1623 976 1701; baseline 0.004 -18.066"><span class='ocrx_word' id='word_1_131' title='bbox 128 1626 284 1695; x_wconf 85' lang='lat' dir='ltr'>‘Abluam,</span> <span class='ocrx_word' id='word_1_132' title='bbox 305 1635 336 1684; x_wconf 90' lang='lat' dir='ltr'>et</span> <span class='ocrx_word' id='word_1_133' title='bbox 356 1635 502 1684; x_wconf 87' lang='lat' dir='ltr'>extremus</span> <span class='ocrx_word' id='word_1_134' title='bbox 525 1624 550 1682; x_wconf 92' lang='lat' dir='ltr'>si</span> <span class='ocrx_word' id='word_1_135' title='bbox 571 1623 636 1700; x_wconf 91' lang='lat' dir='ltr'>quis</span> <span class='ocrx_word' id='word_1_136' title='bbox 658 1644 745 1701; x_wconf 90' lang='lat' dir='ltr'>super</span> <span class='ocrx_word' id='word_1_137' title='bbox 765 1625 871 1686; x_wconf 87' lang='lat' dir='ltr'>halitus</span> <span class='ocrx_word' id='word_1_138' title='bbox 892 1639 976 1700; x_wconf 82' lang='lat' dir='ltr'>errat,</span> 
     </span>
     <span class='ocr_line' id='line_1_21' title="bbox 128 1703 1117 1785; baseline 0.001 -20"><span class='ocrx_word' id='word_1_139' title='bbox 128 1705 204 1766; x_wconf 91' lang='lat' dir='ltr'>‘Ore</span> <span class='ocrx_word' id='word_1_140' title='bbox 224 1706 339 1782; x_wconf 69' lang='lat' dir='ltr'>legam!</span> <span class='ocrx_word' id='word_1_141' title='bbox 379 1703 428 1764; x_wconf 90' lang='lat' dir='ltr'>Sic</span> <span class='ocrx_word' id='word_1_142' title='bbox 448 1705 507 1762; x_wconf 85' lang='lat' dir='ltr'>fata</span> <span class='ocrx_word' id='word_1_143' title='bbox 527 1705 633 1781; x_wconf 88' lang='lat' dir='ltr'>gradus</span> <span class='ocrx_word' id='word_1_144' title='bbox 654 1716 786 1764; x_wconf 87' lang='lat' dir='ltr'>evaserat</span> <span class='ocrx_word' id='word_1_145' title='bbox 809 1707 895 1780; x_wconf 92' lang='lat' dir='ltr'>altos,</span> <span class='ocrx_word' id='word_1_146' title='bbox 1063 1711 1117 1785; x_wconf 85' lang='lat'>685</span> 
     </span>
     <span class='ocr_line' id='line_1_22' title="bbox 125 1784 965 1862; baseline 0 -16"><span class='ocrx_word' id='word_1_147' title='bbox 125 1784 391 1860; x_wconf 77' lang='lat' dir='ltr'>semianimemque</span> <span class='ocrx_word' id='word_1_148' title='bbox 415 1784 481 1843; x_wconf 89' lang='lat' dir='ltr'>sinu</span> <span class='ocrx_word' id='word_1_149' title='bbox 503 1803 672 1860; x_wconf 83' lang='lat' dir='ltr'>germanam</span> <span class='ocrx_word' id='word_1_150' title='bbox 694 1788 829 1862; x_wconf 86' lang='lat' dir='ltr'>amplexa</span> <span class='ocrx_word' id='word_1_151' title='bbox 847 1787 965 1846; x_wconf 87' lang='lat' dir='ltr'>fovebat</span> 
     </span>
     <span class='ocr_line' id='line_1_23' title="bbox 126 1865 955 1942; baseline 0.001 -16"><span class='ocrx_word' id='word_1_152' title='bbox 126 1867 203 1926; x_wconf 91' lang='lat' dir='ltr'>Cum</span> <span class='ocrx_word' id='word_1_153' title='bbox 224 1865 342 1942; x_wconf 86' lang='lat' dir='ltr'>gemitu,</span> <span class='ocrx_word' id='word_1_154' title='bbox 365 1877 455 1941; x_wconf 89' lang='lat' dir='ltr'>atque</span> <span class='ocrx_word' id='word_1_155' title='bbox 478 1875 556 1924; x_wconf 87' lang='lat' dir='ltr'>atros</span> <span class='ocrx_word' id='word_1_156' title='bbox 579 1865 708 1925; x_wconf 89' lang='lat' dir='ltr'>siccabat</span> <span class='ocrx_word' id='word_1_157' title='bbox 728 1877 808 1926; x_wconf 91' lang='lat' dir='ltr'>veste</span> <span class='ocrx_word' id='word_1_158' title='bbox 829 1887 955 1928; x_wconf 80' lang='lat' dir='ltr'>cruores·</span> 
     </span>
     <span class='ocr_line' id='line_1_24' title="bbox 125 1947 843 2023; baseline 0.003 -19"><span class='ocrx_word' id='word_1_159' title='bbox 125 1947 190 2018; x_wconf 86' lang='lat' dir='ltr'>Illa,</span> <span class='ocrx_word' id='word_1_160' title='bbox 211 1964 312 2023; x_wconf 86' lang='lat' dir='ltr'>graves</span> <span class='ocrx_word' id='word_1_161' title='bbox 333 1947 435 2005; x_wconf 91' lang='lat' dir='ltr'>oculos</span> <span class='ocrx_word' id='word_1_162' title='bbox 456 1957 563 2004; x_wconf 89' lang='lat' dir='ltr'>conata</span> <span class='ocrx_word' id='word_1_163' title='bbox 583 1947 724 2017; x_wconf 89' lang='lat' dir='ltr'>attollere,</span> <span class='ocrx_word' id='word_1_164' title='bbox 745 1966 843 2006; x_wconf 90' lang='lat' dir='ltr'>rursus</span> 
     </span>
     <span class='ocr_line' id='line_1_25' title="bbox 125 2025 871 2102; baseline 0.004 -18"><span class='ocrx_word' id='word_1_165' title='bbox 125 2027 252 2101; x_wconf 84' lang='lat' dir='ltr'>Deficit;</span> <span class='ocrx_word' id='word_1_166' title='bbox 278 2025 401 2084; x_wconf 89' lang='lat' dir='ltr'>infixum</span> <span class='ocrx_word' id='word_1_167' title='bbox 421 2025 516 2085; x_wconf 90' lang='lat' dir='ltr'>stridit</span> <span class='ocrx_word' id='word_1_168' title='bbox 537 2028 592 2085; x_wconf 92' lang='lat' dir='ltr'>sub</span> <span class='ocrx_word' id='word_1_169' title='bbox 614 2037 734 2102; x_wconf 91' lang='lat' dir='ltr'>pectore</span> <span class='ocrx_word' id='word_1_170' title='bbox 757 2028 871 2087; x_wconf 87' lang='lat' dir='ltr'>volnus.</span> 
     </span>
     <span class='ocr_line' id='line_1_26' title="bbox 124 2105 1119 2188; baseline 0.002 -21"><span class='ocrx_word' id='word_1_171' title='bbox 124 2111 183 2167; x_wconf 92' lang='lat' dir='ltr'>Ter</span> <span class='ocrx_word' id='word_1_172' title='bbox 204 2127 269 2167; x_wconf 91' lang='lat' dir='ltr'>sese</span> <span class='ocrx_word' id='word_1_173' title='bbox 289 2108 424 2166; x_wconf 89' lang='lat' dir='ltr'>attollens</span> <span class='ocrx_word' id='word_1_174' title='bbox 446 2105 606 2182; x_wconf 90' lang='lat' dir='ltr'>cubitoque</span> <span class='ocrx_word' id='word_1_175' title='bbox 627 2105 735 2165; x_wconf 81' lang='lat' dir='ltr'>adnixa</span> <span class='ocrx_word' id='word_1_176' title='bbox 754 2107 878 2167; x_wconf 89' lang='lat' dir='ltr'>levavit:</span> <span class='ocrx_word' id='word_1_177' title='bbox 1061 2113 1119 2188; x_wconf 86' lang='lat'>690</span> 
     </span>
     <span class='ocr_line' id='line_1_27' title="bbox 123 2186 943 2262; baseline 0.002 -16"><span class='ocrx_word' id='word_1_178' title='bbox 123 2190 183 2248; x_wconf 89' lang='lat' dir='ltr'>Ter</span> <span class='ocrx_word' id='word_1_179' title='bbox 206 2187 338 2247; x_wconf 88' lang='lat' dir='ltr'>revoluta</span> <span class='ocrx_word' id='word_1_180' title='bbox 360 2199 425 2247; x_wconf 90' lang='lat' dir='ltr'>toro</span> <span class='ocrx_word' id='word_1_181' title='bbox 446 2197 498 2258; x_wconf 88' lang='lat' dir='ltr'>est,</span> <span class='ocrx_word' id='word_1_182' title='bbox 523 2186 675 2262; x_wconf 87' lang='lat' dir='ltr'>oculisque</span> <span class='ocrx_word' id='word_1_183' title='bbox 698 2187 859 2247; x_wconf 90' lang='lat' dir='ltr'>errantibus</span> <span class='ocrx_word' id='word_1_184' title='bbox 881 2191 943 2248; x_wconf 91' lang='lat' dir='ltr'>alto</span> 
     </span>
     <span class='ocr_line' id='line_1_28' title="bbox 125 2266 875 2343; baseline -0.003 -17"><span class='ocrx_word' id='word_1_185' title='bbox 125 2267 277 2342; x_wconf 90' lang='lat' dir='ltr'>Quaesivit</span> <span class='ocrx_word' id='word_1_186' title='bbox 300 2269 383 2327; x_wconf 89' lang='lat' dir='ltr'>caelo</span> <span class='ocrx_word' id='word_1_187' title='bbox 404 2267 510 2338; x_wconf 87' lang='lat' dir='ltr'>lucem,</span> <span class='ocrx_word' id='word_1_188' title='bbox 531 2266 733 2343; x_wconf 88' lang='lat' dir='ltr'>ingemuitque</span> <span class='ocrx_word' id='word_1_189' title='bbox 752 2281 875 2343; x_wconf 88' lang='lat' dir='ltr'>reperta.</span> 
     </span>
    </p>

    <p class='ocr_par' dir='ltr' id='par_1_3' title="bbox 120 2347 1113 3387">
     <span class='ocr_line' id='line_1_29' title="bbox 163 2347 1017 2424; baseline 0.004 -18"><span class='ocrx_word' id='word_1_190' title='bbox 163 2350 242 2408; x_wconf 91' lang='lat' dir='ltr'>Tum</span> <span class='ocrx_word' id='word_1_191' title='bbox 264 2351 343 2408; x_wconf 91' lang='lat' dir='ltr'>Iuno</span> <span class='ocrx_word' id='word_1_192' title='bbox 364 2348 561 2424; x_wconf 89' lang='lat' dir='ltr'>omnipotens,</span> <span class='ocrx_word' id='word_1_193' title='bbox 584 2349 705 2423; x_wconf 88' lang='lat' dir='ltr'>longum</span> <span class='ocrx_word' id='word_1_194' title='bbox 726 2347 863 2407; x_wconf 90' lang='lat' dir='ltr'>miserata</span> <span class='ocrx_word' id='word_1_195' title='bbox 882 2348 1017 2409; x_wconf 89' lang='lat' dir='ltr'>dolorem</span> 
     </span>
     <span class='ocr_line' id='line_1_30' title="bbox 124 2427 852 2504; baseline 0.001 -18"><span class='ocrx_word' id='word_1_196' title='bbox 124 2428 325 2504; x_wconf 91' lang='lat' dir='ltr'>Difficilesque</span> <span class='ocrx_word' id='word_1_197' title='bbox 346 2429 452 2500; x_wconf 88' lang='lat' dir='ltr'>obitus,</span> <span class='ocrx_word' id='word_1_198' title='bbox 479 2427 549 2486; x_wconf 92' lang='lat' dir='ltr'>Irim</span> <span class='ocrx_word' id='word_1_199' title='bbox 571 2427 689 2488; x_wconf 90' lang='lat' dir='ltr'>demisit</span> <span class='ocrx_word' id='word_1_200' title='bbox 713 2429 852 2504; x_wconf 88' lang='lat' dir='ltr'>Olymp0,</span> 
     </span>
     <span class='ocr_line' id='line_1_31' title="bbox 124 2509 1113 2587; baseline -0.001 -18"><span class='ocrx_word' id='word_1_201' title='bbox 124 2510 209 2584; x_wconf 89' lang='lat' dir='ltr'>Quae</span> <span class='ocrx_word' id='word_1_202' title='bbox 230 2510 391 2568; x_wconf 86' lang='lat' dir='ltr'>luctantem</span> <span class='ocrx_word' id='word_1_203' title='bbox 412 2509 543 2567; x_wconf 88' lang='lat' dir='ltr'>animam</span> <span class='ocrx_word' id='word_1_204' title='bbox 565 2527 717 2584; x_wconf 87' lang='lat' dir='ltr'>nexosque</span> <span class='ocrx_word' id='word_1_205' title='bbox 737 2511 893 2568; x_wconf 89' lang='lat' dir='ltr'>resolveret</span> <span class='ocrx_word' id='word_1_206' title='bbox 915 2519 1004 2568; x_wconf 83' lang='lat' dir='ltr'>artus.</span> <span class='ocrx_word' id='word_1_207' title='bbox 1058 2513 1113 2587; x_wconf 84' lang='lat'>695</span> 
     </span>
     <span class='ocr_line' id='line_1_32' title="bbox 125 2588 918 2665; baseline 0 -18"><span class='ocrx_word' id='word_1_208' title='bbox 125 2591 213 2662; x_wconf 88' lang='lat' dir='ltr'>Nam,</span> <span class='ocrx_word' id='word_1_209' title='bbox 234 2589 304 2665; x_wconf 89' lang='lat' dir='ltr'>quia</span> <span class='ocrx_word' id='word_1_210' title='bbox 324 2608 380 2648; x_wconf 91' lang='lat' dir='ltr'>nec</span> <span class='ocrx_word' id='word_1_211' title='bbox 399 2589 461 2648; x_wconf 81' lang='lat' dir='ltr'>fato</span> <span class='ocrx_word' id='word_1_212' title='bbox 482 2588 585 2648; x_wconf 91' lang='lat' dir='ltr'>merita</span> <span class='ocrx_word' id='word_1_213' title='bbox 605 2607 662 2648; x_wconf 90' lang='lat' dir='ltr'>nec</span> <span class='ocrx_word' id='word_1_214' title='bbox 682 2599 776 2648; x_wconf 91' lang='lat' dir='ltr'>morte</span> <span class='ocrx_word' id='word_1_215' title='bbox 796 2588 918 2664; x_wconf 89' lang='lat' dir='ltr'>peribat,</span> 
     </span>
     <span class='ocr_line' id='line_1_33' title="bbox 123 2669 969 2745; baseline -0.001 -16"><span class='ocrx_word' id='word_1_216' title='bbox 123 2670 182 2729; x_wconf 88' lang='lat' dir='ltr'>Sed</span> <span class='ocrx_word' id='word_1_217' title='bbox 205 2671 310 2728; x_wconf 90' lang='lat' dir='ltr'>misera</span> <span class='ocrx_word' id='word_1_218' title='bbox 334 2679 403 2727; x_wconf 88' lang='lat' dir='ltr'>ante</span> <span class='ocrx_word' id='word_1_219' title='bbox 427 2669 515 2742; x_wconf 89' lang='lat' dir='ltr'>diem,</span> <span class='ocrx_word' id='word_1_220' title='bbox 538 2669 695 2745; x_wconf 92' lang='lat' dir='ltr'>subitoque</span> <span class='ocrx_word' id='word_1_221' title='bbox 719 2687 844 2727; x_wconf 87' lang='lat' dir='ltr'>accensa</span> <span class='ocrx_word' id='word_1_222' title='bbox 863 2670 969 2741; x_wconf 85' lang='lat' dir='ltr'>furore,</span> 
     </span>
     <span class='ocr_line' id='line_1_34' title="bbox 124 2747 915 2824; baseline -0.003 -16"><span class='ocrx_word' id='word_1_223' title='bbox 124 2751 266 2810; x_wconf 91' lang='lat' dir='ltr'>Nondum</span> <span class='ocrx_word' id='word_1_224' title='bbox 286 2748 329 2808; x_wconf 92' lang='lat' dir='ltr'>illi</span> <span class='ocrx_word' id='word_1_225' title='bbox 353 2750 458 2809; x_wconf 90' lang='lat' dir='ltr'>flavom</span> <span class='ocrx_word' id='word_1_226' title='bbox 481 2749 658 2824; x_wconf 89' lang='lat' dir='ltr'>Proserpina</span> <span class='ocrx_word' id='word_1_227' title='bbox 678 2749 785 2808; x_wconf 89' lang='lat' dir='ltr'>vertice</span> <span class='ocrx_word' id='word_1_228' title='bbox 805 2747 915 2808; x_wconf 81' lang='lat' dir='ltr'>crinem</span> 
     </span>
     <span class='ocr_line' id='line_1_35' title="bbox 122 2828 910 2906; baseline -0.003 -18"><span class='ocrx_word' id='word_1_229' title='bbox 122 2831 299 2901; x_wconf 85' lang='lat' dir='ltr'>Abstulerat,</span> <span class='ocrx_word' id='word_1_230' title='bbox 321 2828 480 2906; x_wconf 87' lang='lat' dir='ltr'>Stygioque</span> <span class='ocrx_word' id='word_1_231' title='bbox 501 2839 590 2905; x_wconf 84' lang='lat' dir='ltr'>caput</span> <span class='ocrx_word' id='word_1_232' title='bbox 613 2830 803 2888; x_wconf 87' lang='lat' dir='ltr'>damnaverat</span> <span class='ocrx_word' id='word_1_233' title='bbox 824 2831 910 2889; x_wconf 88' lang='lat' dir='ltr'>Orco.</span> 
     </span>
     <span class='ocr_line' id='line_1_36' title="bbox 121 2908 1111 2986; baseline 0.001 -17"><span class='ocrx_word' id='word_1_234' title='bbox 121 2912 200 2985; x_wconf 85' lang='lat' dir='ltr'>Ergo</span> <span class='ocrx_word' id='word_1_235' title='bbox 222 2909 278 2968; x_wconf 91' lang='lat' dir='ltr'>Iris</span> <span class='ocrx_word' id='word_1_236' title='bbox 298 2909 409 2969; x_wconf 91' lang='lat' dir='ltr'>croceis</span> <span class='ocrx_word' id='word_1_237' title='bbox 433 2929 486 2985; x_wconf 92' lang='lat' dir='ltr'>per</span> <span class='ocrx_word' id='word_1_238' title='bbox 506 2910 620 2968; x_wconf 86' lang='lat' dir='ltr'>caelum</span> <span class='ocrx_word' id='word_1_239' title='bbox 641 2908 757 2968; x_wconf 89' lang='lat' dir='ltr'>roscida</span> <span class='ocrx_word' id='word_1_240' title='bbox 778 2908 891 2985; x_wconf 86' lang='lat' dir='ltr'>pennis,</span> <span class='ocrx_word' id='word_1_241' title='bbox 1058 2927 1111 2986; x_wconf 83' lang='lat'>700</span> 
     </span>
     <span class='ocr_line' id='line_1_37' title="bbox 123 2988 838 3060; baseline -0.001 -12"><span class='ocrx_word' id='word_1_242' title='bbox 123 2990 207 3048; x_wconf 86' lang='lat' dir='ltr'>Mille</span> <span class='ocrx_word' id='word_1_243' title='bbox 227 2991 344 3049; x_wconf 90' lang='lat' dir='ltr'>trahens</span> <span class='ocrx_word' id='word_1_244' title='bbox 364 2988 458 3049; x_wconf 89' lang='lat' dir='ltr'>varios</span> <span class='ocrx_word' id='word_1_245' title='bbox 486 2991 609 3049; x_wconf 90' lang='lat' dir='ltr'>adverso</span> <span class='ocrx_word' id='word_1_246' title='bbox 631 2990 694 3048; x_wconf 90' lang='lat' dir='ltr'>sole</span> <span class='ocrx_word' id='word_1_247' title='bbox 715 2990 838 3060; x_wconf 89' lang='lat' dir='ltr'>colores,</span> 
     </span>
     <span class='ocr_line' id='line_1_38' title="bbox 122 3067 993 3144; baseline 0.001 -16"><span class='ocrx_word' id='word_1_248' title='bbox 122 3070 258 3140; x_wconf 89' lang='lat' dir='ltr'>Devolat,</span> <span class='ocrx_word' id='word_1_249' title='bbox 281 3079 311 3127; x_wconf 89' lang='lat' dir='ltr'>et</span> <span class='ocrx_word' id='word_1_250' title='bbox 331 3087 420 3143; x_wconf 88' lang='lat' dir='ltr'>supra</span> <span class='ocrx_word' id='word_1_251' title='bbox 440 3080 529 3144; x_wconf 88' lang='lat' dir='ltr'>caput</span> <span class='ocrx_word' id='word_1_252' title='bbox 552 3068 683 3129; x_wconf 89' lang='lat' dir='ltr'>adstitit:</span> <span class='ocrx_word' id='word_1_253' title='bbox 713 3069 823 3128; x_wconf 91' lang='lat' dir='ltr'>‘Hunc</span> <span class='ocrx_word' id='word_1_254' title='bbox 847 3087 902 3144; x_wconf 86' lang='lat' dir='ltr'>ego</span> <span class='ocrx_word' id='word_1_255' title='bbox 928 3067 993 3129; x_wconf 91' lang='lat' dir='ltr'>Diti</span> 
     </span>
     <span class='ocr_line' id='line_1_39' title="bbox 123 3146 910 3224; baseline -0.004 -15"><span class='ocrx_word' id='word_1_256' title='bbox 123 3152 260 3210; x_wconf 86' lang='lat' dir='ltr'>‘Sacrum</span> <span class='ocrx_word' id='word_1_257' title='bbox 281 3146 361 3206; x_wconf 88' lang='lat' dir='ltr'>iussa</span> <span class='ocrx_word' id='word_1_258' title='bbox 384 3148 454 3219; x_wconf 83' lang='lat' dir='ltr'>fero,</span> <span class='ocrx_word' id='word_1_259' title='bbox 479 3161 568 3224; x_wconf 91' lang='lat' dir='ltr'>teque</span> <span class='ocrx_word' id='word_1_260' title='bbox 589 3148 646 3209; x_wconf 91' lang='lat' dir='ltr'>isto</span> <span class='ocrx_word' id='word_1_261' title='bbox 667 3167 789 3224; x_wconf 91' lang='lat' dir='ltr'>corpore</span> <span class='ocrx_word' id='word_1_262' title='bbox 810 3149 910 3208; x_wconf 91' lang='lat' dir='ltr'>solvo.&#39;</span> 
     </span>
     <span class='ocr_line' id='line_1_40' title="bbox 120 3225 939 3296; baseline 0.001 -11"><span class='ocrx_word' id='word_1_263' title='bbox 120 3228 170 3286; x_wconf 90' lang='lat' dir='ltr'>Sic</span> <span class='ocrx_word' id='word_1_264' title='bbox 189 3226 238 3296; x_wconf 88' lang='lat' dir='ltr'>ait,</span> <span class='ocrx_word' id='word_1_265' title='bbox 260 3237 289 3283; x_wconf 93' lang='lat' dir='ltr'>et</span> <span class='ocrx_word' id='word_1_266' title='bbox 311 3227 413 3283; x_wconf 91' lang='lat' dir='ltr'>dextra</span> <span class='ocrx_word' id='word_1_267' title='bbox 436 3225 546 3284; x_wconf 90' lang='lat' dir='ltr'>crinem</span> <span class='ocrx_word' id='word_1_268' title='bbox 567 3239 655 3285; x_wconf 88' lang='lat' dir='ltr'>secat.</span> <span class='ocrx_word' id='word_1_269' title='bbox 699 3227 805 3286; x_wconf 88' lang='lat' dir='ltr'>Omnis</span> <span class='ocrx_word' id='word_1_270' title='bbox 826 3237 856 3286; x_wconf 94' lang='lat' dir='ltr'>et</span> <span class='ocrx_word' id='word_1_271' title='bbox 879 3246 939 3286; x_wconf 88' lang='lat' dir='ltr'>una</span> 
     </span>
     <span class='ocr_line' id='line_1_41' title="bbox 121 3303 1107 3387; baseline 0.006 -25"><span class='ocrx_word' id='word_1_272' title='bbox 121 3304 258 3377; x_wconf 91' lang='lat' dir='ltr'>Dilapsus</span> <span class='ocrx_word' id='word_1_273' title='bbox 279 3305 366 3372; x_wconf 88' lang='lat' dir='ltr'>calor,</span> <span class='ocrx_word' id='word_1_274' title='bbox 388 3315 477 3379; x_wconf 91' lang='lat' dir='ltr'>atque</span> <span class='ocrx_word' id='word_1_275' title='bbox 497 3303 528 3360; x_wconf 92' lang='lat' dir='ltr'>in</span> <span class='ocrx_word' id='word_1_276' title='bbox 548 3316 653 3362; x_wconf 90' lang='lat' dir='ltr'>ventos</span> <span class='ocrx_word' id='word_1_277' title='bbox 672 3305 732 3364; x_wconf 90' lang='lat' dir='ltr'>vita</span> <span class='ocrx_word' id='word_1_278' title='bbox 751 3305 877 3365; x_wconf 88' lang='lat' dir='ltr'>recessit.</span> <span class='ocrx_word' id='word_1_279' title='bbox 1056 3327 1107 3387; x_wconf 85' lang='lat'>705</span> 
     </span>
    </p>
   </div>
   <div class='ocr_carea' id='block_1_3' title="bbox 0 0 1234 3686">
    <p class='ocr_par' dir='ltr' id='par_1_4' title="bbox 0 0 1234 3686">
     <span class='ocr_line' id='line_1_42' title="bbox 0 0 1234 3686; baseline 0 2"><span class='ocrx_word' id='word_1_280' title='bbox 0 0 1234 3686; x_wconf 95' lang='lat' dir='ltr'> </span> 
     </span>
    </p>
   </div>
  </div>
 </body>
</html>
