2462 3678
354 87 595 148 AENEIDOS
618 91 703 148 ΜΒ.
738 91 825 148 Vm
1006 110 1063 167 309

21 216 165 272 ‘Vana
194 211 365 288 superstitio
386 223 580 288 veterumque
601 204 706 289 ‘ignara
727 216 851 274 deorum

24 291 243 370 ‘Inposuitz
275 291 378 364 saevis,
403 293 514 368 hospes
538 291 676 364 Troiane,
706 293 824 370 periclis

24 372 200 434 ‘Servati
220 371 342 431 iacimus
365 371 545 446 meritosque
574 391 716 432 novamus
739 375 875 434 honores

27 455 144 512 ‘Iam
172 451 303 528 primurn
327 451 403 524 saxis
427 471 599 527 suspensam
622 453 700 511 hanc
722 453 822 530 aspice
843 473 967 530 rupem:
1008 473 1064 528 ¹90

29 532 238 592 ‘Disiectae
263 533 367 608 procul
389 542 422 591 ut
446 534 540 591 moles
563 533 739 608 desertaque
762 533 872 592 montis

30 616 140 672 ‘Stat
168 613 288 682 domus,
312 623 342 672 et
364 611 479 688 scopuli
503 611 654 688 ingentem
679 624 791 672 traxere
812 612 935 673 ruinam

33 692 141 751 ‘Hic
169 693 313 767 spelunca
337 691 400 761 fuit,
425 702 510 751 vasto
534 693 674 750 submota
696 710 821 766 recessu,

35 770 295 832 ‘Semihominis
317 770 390 832 Caci
409 770 498 831 facies
518 789 608 846 quam
632 771 695 831 dira
716 773 844 847 tenebat,

37 851 191 911 ‘Solis
183 869 363 910 inaccessam
386 851 487 923 radiis;
516 869 691 927 semperque
714 852 825 912 recenti
1009 869 1062 929 195

41 932 189 993 ‘Caede
213 932 332 1022 tepebat
354 932 469 1001 humus,
492 929 661 1004 foribusque
681 931 778 990 adfixa
799 932 932 1008 superbis

42 1014 142 1072 ‘Ora
162 1011 259 1070 virum
280 1010 354 1070 tristi
374 1012 545 1087 pendebant
565 1011 675 1086 pallida
697 1012 775 1070 tabo.

45 1090 168 1150 ‘Huic
191 1101 325 1150 monstro
349 1091 502 1149 Volcanus
527 1101 588 1150 erat
609 1103 708 1166 pater:
739 1090 815 1149 illius
843 1102 922 1150 atros

46 1174 142 1241 ‘Ore
168 1189 294 1230 vomens
310 1169 392 1246 ignes
415 1189 524 1246 magna
548 1189 580 1229 se
603 1173 682 1229 mole
706 1172 827 1230 serebat

48 1250 191 1310 ‘Attulit
212 1262 241 1310 et
262 1250 348 1309 nobis
369 1249 529 1326 aliquando
553 1249 723 1326 optantibus
745 1262 826 1310 aetas
1007 1271 1063 1308 200

51 1329 238 1389 ‘Auxilium
262 1330 483 1407 adventumque
506 1329 562 1389 dei.
606 1332 686 1388 Nam
707 1329 851 1389 maximus
876 1331 961 1402 ultor,

54 1409 256 1486 ‘Tergemini
275 1429 349 1470 nece
369 1413 524 1486 Geryonae
544 1409 703 1486 spoliisque
719 1411 870 1486 superbus,

54 1490 205 1550 ‘Alcides
226 1491 334 1560 aderat,
355 1501 513 1566 taurosque
534 1491 590 1549 hac
610 1489 704 1549 victor
722 1491 828 1567 agebat

57 1573 235 1646 ‘Ingentes
255 1571 420 1645 vallemque
436 1571 528 1629 boves
547 1589 725 1646 amnemque
744 1571 893 1631 tenebant.

59 1654 124 1710 ‘At
145 1649 227 1709 furiis
249 1649 321 1709 Caci
341 1669 426 1709 mens
447 1651 543 1722 effera,
565 1669 604 1709 ne
625 1650 698 1725 quid
718 1649 855 1710 inausum
1004 1667 1060 1726 205

59 1733 146 1789 ‘Aut
166 1728 354 1789 intractatum
375 1728 529 1789 scelerisve
550 1729 648 1789 dolive
669 1729 778 1801 fuisset,

61 1812 232 1886 ‘Quattuor
252 1829 270 1867 a
291 1809 412 1868 stabulis
432 1809 593 1885 praestanti
613 1828 737 1885 corpore
757 1821 856 1870 tauros

61 1889 206 1961 ‘Avertit
228 1889 353 1949 totidem
373 1891 469 1948 forma
489 1900 646 1965 superante
667 1889 823 1948 iuvencas:

63 1973 184 2046 ‘Atque
205 1970 268 2041 hos,
290 1989 329 2028 ne
350 1989 410 2045 qua
429 1971 525 2028 forent
545 1969 672 2044 pedibus
692 1969 814 2042 vestigia
834 1968 928 2041 rectis,

64 2051 191 2112 ‘Cauda
211 2049 242 2107 in
263 2051 434 2126 speluncam
457 2059 565 2107 tractos
586 2047 735 2124 versisque
755 2048 868 2107 viarum
1007 2069 1063 2106 210

65 2129 208 2190 ‘Iudiciis
228 2140 329 2206 raptos
350 2147 420 2189 saxo
441 2129 610 2188 occultabat
630 2147 735 2204 opaco.

67 2210 247 2285 ‘Quaerenti
267 2210 348 2268 nulla
368 2210 408 2269 ad
429 2209 601 2284 speluncam
622 2207 705 2284 signa
724 2208 865 2267 ferebant.

68 2293 211 2362 ‘Interea
233 2308 302 2347 cum
323 2288 390 2347 iam*
403 2287 525 2348 stabulis
546 2298 673 2347 saturata
693 2299 824 2347 moveret

69 2367 367 2446 ‘Amphitryoniades
388 2379 520 2428 armenta
540 2368 712 2443 abitumque
732 2378 855 2444 pararet,

70 2449 226 2508 ‘Discessu
247 2449 359 2526 mugire
379 2449 480 2520 boves,
502 2459 591 2524 atque
612 2466 702 2507 omne
722 2448 858 2524 querellis
1006 2465 1061 2524 ²15

72 2529 208 2604 ‘Impleri
227 2548 340 2599 nemus,
363 2539 392 2588 et
413 2530 505 2587 colles
526 2529 654 2586 clamore
674 2528 807 2604 relinqui

73 2607 228 2669 ‘Reddidit
248 2627 309 2666 una
329 2610 422 2667 boum
442 2627 547 2667 vocem
568 2618 712 2681 vastoque
733 2609 789 2668 sub
810 2618 894 2667 antro

74 2688 194 2765 ‘Mugiit
215 2699 245 2749 et
266 2688 340 2757 Caci
360 2707 444 2764 spem
465 2687 612 2746 custodita
633 2689 660 2746 le
662 2687 741 2746 lellit

76 2769 151 2828 ‘Hic
169 2788 237 2829 vero
258 2768 382 2827 Alcidae
403 2766 483 2826 furiis
504 2777 649 2826 exarserat
670 2776 733 2824 atro

76 2850 169 2908 ‘Felle
187 2850 289 2908 dolor:
312 2847 388 2924 rapit
408 2866 490 2906 arma
509 2865 599 2905 manu
620 2845 765 2920 nodisque
786 2855 936 2934 gravatum
1007 2865 1064 2902 220

78 2929 199 3000 ‘Robur‚
221 2938 251 2987 et
271 2927 393 2987 aetherii
413 2947 500 2986 cursu
521 2925 595 3002 petit
615 2925 707 2983 ardua
727 2923 846 2984 montis.

78 3011 168 3067 ‘Tum
185 3007 335 3084 primum
334 3006 427 3066 nostri
448 3008 562 3067 Cacum
583 3004 684 3064 videre
704 3003 858 3063 timentem

79 3087 307 3164 ‘Turbatumque
328 3086 441 3147 oculis.
462 3085 535 3162 lugit
556 3084 635 3144 ilicet
656 3083 737 3144 ocior
758 3085 838 3142 Euro

79 3169 324 3259 ‘speluncamque
344 3166 436 3243 petit;
452 3165 583 3258 pedibus
604 3164 692 3224 timor
711 3162 827 3224 addidit
847 3163 915 3222 alas

81 3251 136 3309 ‘Ut
153 3266 213 3307 sese
233 3245 359 3320 inclusit,
381 3246 533 3322 ruptisque
553 3245 683 3303 immane
704 3243 816 3304 catenis
1007 3259 1062 3320 2²5

81 3327 202 3389 ‘Deiecit
222 3345 335 3400 saxum,
352 3291 432 3386 ’ferro
453 3326 535 3403 quod
556 3336 585 3384 et
605 3335 667 3385 arte
686 3335 809 3402 paterna
