2494 3702
159 79 215 156 138
420 85 457 144 a
480 87 671 146 Vanam
683 88 898 148 Maroms

161 229 233 290 Nou
254 248 339 291 secus
358 249 394 290 ac
414 229 515 307 patriis
534 249 602 290 acer
623 233 777 291 Romanus
796 232 828 291 in
848 232 936 291 armis
1104 237 1162 310 346
1221 213 1222 284 i

162 309 280 370 iniusto
300 312 356 370 sub
377 312 457 371 fasce
477 311 556 370 viam
576 331 646 371 cum
666 311 767 389 carpit,
790 323 820 373 et
839 313 917 373 hosti

161 393 241 450 Ante
261 401 449 468 expectatum
469 391 574 466 positis
595 403 652 452 stat
672 392 704 452 in
723 392 842 469 agmine
862 393 974 453 castris

160 472 292 544 Arnon,
314 491 374 548 qua
394 471 530 548 Scythiae
550 484 653 548 gentes
675 474 866 550 Maeotiaque
886 475 976 546 unda,

161 550 311 612 Turbidus
331 563 362 612 et
382 561 523 627 torquens
542 554 684 612 flaventes
706 553 809 614 Hister
829 555 962 626 harenas,
1104 573 1161 632 350

162 630 289 708 Quaque
309 631 386 691 redit
405 632 537 692 medium
559 634 709 710 Rhodope
729 645 864 710 porrecta
883 635 939 693 sub
959 653 1057 694 axem.

161 711 229 770 Illic
249 713 349 771 clausa
368 723 471 772 tenent
491 713 615 773 stabulis
635 725 777 786 armenta,
799 733 897 791 neque
916 715 994 774 uuae

161 795 223 851 Aut
242 793 352 854 herbae
371 812 480 870 campo
499 804 644 870 apparent
663 805 715 854 aut
734 797 838 855 arbore
858 796 978 854 frondes
988 814 998 867 ;

161 872 221 931 Sed
241 871 318 933 iacet
338 874 492 950 aggeribus
511 874 605 934 niveis
624 874 759 935 informis
780 886 810 936 et
830 877 891 935 alto

161 954 253 1011 Terra
273 955 340 1031 gelu
362 956 421 1015 late
441 965 616 1032 septemque
636 957 766 1033 adsurgit
787 956 818 1015 in
839 956 931 1015 ulnas.
1103 975 1157 1034 355

162 1033 285 1108 Semper
305 1035 431 1110 hiemps,
451 1054 569 1111 semper
588 1035 731 1112 spirantes
752 1037 858 1113 frigora
879 1035 975 1098 Cauri

161 1114 241 1171 Tum
262 1114 312 1173 Sol
332 1116 477 1191 pallentes
497 1117 577 1175 haud
597 1135 738 1192 umquam
759 1116 879 1176 discutit
899 1118 1028 1189 umbras,

163 1194 228 1252 Nec
249 1213 317 1252 curn
336 1193 470 1256 invectus
491 1196 574 1272 equis
594 1198 687 1256 altum
707 1195 781 1273 petit
801 1198 928 1268 aethera,
949 1216 1005 1256 nec
1027 1217 1099 1258 cum

163 1272 357 1349 Praecipitem
378 1275 492 1336 Oceani
511 1279 599 1337 rubro
619 1277 690 1336 lavit
709 1296 838 1354 aequore
857 1297 981 1336 currum.

162 1355 367 1414 Concrescunt
388 1355 502 1416 subitae
522 1359 648 1417 currenti
669 1359 700 1416 in
721 1357 842 1417 flumine
861 1368 976 1417 crustae
1101 1363 1159 1434 360

162 1434 313 1511 Undaque
333 1433 392 1494 ianr
413 1447 494 1513 tergo
515 1439 635 1496 ferratos
655 1437 780 1498 sustinet
800 1441 894 1510 orbes,

165 1513 313 1590 Puppibus
333 1514 384 1575 illa
404 1516 492 1592 prius,
513 1517 621 1591 patulis
642 1537 723 1578 nunc
741 1518 860 1595 hospita
879 1517 1016 1594 plaustris
1025 1540 1036 1593 ;

160 1597 299 1671 Aeraque
319 1595 465 1656 dissiliunt
486 1598 571 1669 ultro,
593 1609 749 1675 vestesque
768 1599 917 1676 rigescunt

162 1675 299 1748 Indutae‚
321 1677 509 1754 caeduntque
530 1677 681 1738 securibus
701 1680 801 1738 umida
820 1678 897 1752 vina,

162 1756 201 1815 Et
221 1766 302 1816 totae
322 1757 446 1817 solidam
467 1757 499 1816 in
518 1757 644 1834 glaciem
664 1770 775 1819 vertere
794 1760 927 1833 lacunae,
1100 1764 1157 1838 365

160 1833 305 1912 Stiriaque
326 1835 440 1914 inpexis
460 1837 591 1897 induruit
611 1839 729 1898 horrida
749 1839 855 1899 barbis.

162 1917 280 1976 Interea
300 1928 364 1977 toto
384 1937 446 1977 non
467 1917 557 1978 setius
577 1921 645 1979 aere
665 1919 795 1996 ninguit:

162 1997 317 2056 Intereunt
336 1999 475 2074 pecudes,
497 2009 575 2059 stant
596 1998 771 2058 circumfusa
791 2001 902 2076 pruinis

161 2077 295 2153 Corpora
315 2097 422 2155 magna
441 2081 542 2152 bourn,
564 2081 758 2155 consertoque
778 2083 896 2156 agmine
916 2079 995 2141 cervi

159 2158 294 2233 Torpent
314 2161 392 2218 mole
413 2179 491 2220 nova
511 2171 541 2219 et
561 2160 684 2220 summis
704 2159 753 2219 virr
773 2164 910 2222 cornibus
931 2173 1040 2222 extant.
1098 2181 1158 2239 370

161 2238 230 2295 Hos
250 2255 311 2295 non
332 2238 470 2299 immissis
490 2238 623 2311 canibus,
644 2259 706 2300 non
726 2242 857 2301 cassibus
877 2242 944 2301 ullis

161 2316 345 2377 Puniceaeve
365 2318 475 2394 agitant
495 2320 620 2396 pavidos
641 2320 797 2380 formidine
817 2341 943 2399 pennae,

159 2396 219 2454 Sed
239 2397 344 2455 frustra
364 2399 534 2473 oppositum
555 2402 708 2460 trudentes
728 2413 847 2477 pectore
868 2414 1001 2462 montem

160 2475 336 2534 Comminus
358 2478 534 2538 obtruncant
554 2481 638 2553 ferro,
660 2481 842 2559 graviterque
862 2485 1002 2543 rudentes

160 2555 305 2628 Caedunt,
328 2567 358 2615 et
378 2575 486 2634 magno
507 2561 576 2619 laeti
597 2561 725 2620 clamore
745 2573 905 2638 reportant.
1097 2581 1156 2642 375

160 2633 222 2709 Ipsi
242 2633 273 2692 in
294 2635 417 2695 defossis
439 2641 585 2714 specubus
607 2658 709 2700 secura
730 2643 785 2701 sub
805 2644 865 2702 aita

160 2712 230 2774 Otia
250 2725 342 2791 agunt
363 2726 445 2790 terra,
466 2731 666 2795 congestaque
688 2722 794 2780 robora
815 2732 951 2800 totasque

159 2795 326 2854 Advolvere
346 2795 418 2855 focis
440 2800 535 2858 ulmos
556 2798 676 2874 ignique
697 2800 815 2861 dedere.

160 2873 222 2932 Hic
241 2886 360 2934 noctem
382 2877 455 2937 ludo
475 2879 596 2951 ducunt,
619 2890 648 2938 et
669 2882 777 2955 pocula
797 2882 866 2942 laeti

159 2954 316 3014 Fermento
336 2965 426 3029 atque
447 2957 539 3018 acidis
559 2957 712 3018 imitantur
731 2962 810 3023 vitea
830 2963 930 3025 sorbis
1096 2969 1157 3040 380

158 3032 239 3091 Talis
261 3035 458 3108 Hyperboreo
479 3047 594 3110 septem
615 3039 750 3099 subiecta
770 3043 859 3102 trioni

158 3111 240 3168 Gens
261 3113 372 3169 effrena
390 3111 486 3170 virum
508 3115 646 3189 Rhipaeo
667 3120 799 3179 tunditur
818 3125 899 3183 Euro

159 3189 198 3245 Et
217 3188 368 3262 pecudum
389 3189 475 3248 fulvis
495 3193 609 3250 velatur
629 3214 754 3270 corpora
774 3202 869 3260 saetis.

198 3263 228 3322 Si
249 3264 302 3324 tibi
322 3265 456 3324 lanitium
477 3286 574 3341 curae,
595 3272 723 3344 primurn
743 3296 846 3352 aspera
865 3282 937 3337 silva

159 3343 338 3422 Lappaeque
359 3344 517 3426 tribolique
538 3349 653 3424 absint;
679 3354 746 3430 fuge
766 3358 875 3429 pabula
895 3359 991 3434 laeta;
1093 3367 1152 3449 385
