<?xml version="1.0" encoding="UTF-8"?>
<!DOCTYPE html PUBLIC "-//W3C//DTD XHTML 1.0 Transitional//EN"
    "http://www.w3.org/TR/xhtml1/DTD/xhtml1-transitional.dtd">
<html xmlns="http://www.w3.org/1999/xhtml" xml:lang="en" lang="en">
 <head>
  <title>
</title>
<meta http-equiv="Content-Type" content="text/html;charset=utf-8" />
  <meta name='ocr-system' content='tesseract 3.04.00' />
  <meta name='ocr-capabilities' content='ocr_page ocr_carea ocr_par ocr_line ocrx_word'/>
</head>
<body>
  <div class='ocr_page' id='page_1' title='image "./pvergilimaronis13virggoog/pvergilimaronis13virggoog_0414.png"; bbox 0 0 2442 3686; ppageno 0'>
   <div class='ocr_carea' id='block_1_1' title="bbox 349 95 1070 173">
    <p class='ocr_par' dir='ltr' id='par_1_1' title="bbox 349 95 1070 173">
     <span class='ocr_line' id='line_1_1' title="bbox 349 95 1070 173; baseline 0 -20"><span class='ocrx_word' id='word_1_1' title='bbox 349 95 590 156; x_wconf 87' lang='lat' dir='ltr'><strong>AENEIDOS</strong></span> <span class='ocrx_word' id='word_1_2' title='bbox 612 97 698 154; x_wconf 86' lang='lat' dir='ltr'><em>LIB.</em></span> <span class='ocrx_word' id='word_1_3' title='bbox 724 97 799 154; x_wconf 87' lang='lat' dir='ltr'><em>XII.</em></span> <span class='ocrx_word' id='word_1_4' title='bbox 1013 115 1070 173; x_wconf 82' lang='lat'><strong>405</strong></span> 
     </span>
    </p>
   </div>
   <div class='ocr_carea' id='block_1_2' title="bbox 71 220 1070 617">
    <p class='ocr_par' dir='ltr' id='par_1_2' title="bbox 71 220 1070 617">
     <span class='ocr_line' id='line_1_2' title="bbox 72 220 972 298; baseline -0.002 -16"><span class='ocrx_word' id='word_1_5' title='bbox 72 225 183 298; x_wconf 85' lang='lat' dir='ltr'><strong>Pugna</strong></span> <span class='ocrx_word' id='word_1_6' title='bbox 202 223 270 282; x_wconf 91' lang='lat' dir='ltr'><strong>loco</strong></span> <span class='ocrx_word' id='word_1_7' title='bbox 290 220 392 282; x_wconf 84' lang='lat' dir='ltr'><strong>statuit</strong></span> <span class='ocrx_word' id='word_1_8' title='bbox 412 221 665 281; x_wconf 85' lang='lat' dir='ltr'><strong>Teucros—haud</strong></span> <span class='ocrx_word' id='word_1_9' title='bbox 686 223 779 282; x_wconf 89' lang='lat' dir='ltr'><strong>multa</strong></span> <span class='ocrx_word' id='word_1_10' title='bbox 800 232 972 293; x_wconf 84' lang='lat' dir='ltr'>morantem,</span> 
     </span>
     <span class='ocr_line' id='line_1_3' title="bbox 74 301 900 378; baseline -0.002 -16"><span class='ocrx_word' id='word_1_11' title='bbox 74 302 197 378; x_wconf 85' lang='lat' dir='ltr'>Excipit</span> <span class='ocrx_word' id='word_1_12' title='bbox 216 302 248 360; x_wconf 92' lang='lat' dir='ltr'><strong>in</strong></span> <span class='ocrx_word' id='word_1_13' title='bbox 268 303 354 374; x_wconf 89' lang='lat' dir='ltr'><strong>latus,</strong></span> <span class='ocrx_word' id='word_1_14' title='bbox 376 311 414 374; x_wconf 89' lang='lat' dir='ltr'><strong>et,</strong></span> <span class='ocrx_word' id='word_1_15' title='bbox 435 319 496 376; x_wconf 91' lang='lat' dir='ltr'><strong>qua</strong></span> <span class='ocrx_word' id='word_1_16' title='bbox 515 303 576 361; x_wconf 84' lang='lat' dir='ltr'><strong>fata</strong></span> <span class='ocrx_word' id='word_1_17' title='bbox 595 301 753 374; x_wconf 87' lang='lat' dir='ltr'><strong>celerrima,</strong></span> <span class='ocrx_word' id='word_1_18' title='bbox 776 303 900 361; x_wconf 87' lang='lat' dir='ltr'><strong>crudum</strong></span> 
     </span>
     <span class='ocr_line' id='line_1_4' title="bbox 71 380 879 458; baseline 0.001 -17"><span class='ocrx_word' id='word_1_19' title='bbox 71 380 264 458; x_wconf 87' lang='lat' dir='ltr'><strong>Trausadigit</strong></span> <span class='ocrx_word' id='word_1_20' title='bbox 284 391 382 440; x_wconf 88' lang='lat' dir='ltr'><strong>costas</strong></span> <span class='ocrx_word' id='word_1_21' title='bbox 402 391 432 440; x_wconf 91' lang='lat' dir='ltr'><strong>et</strong></span> <span class='ocrx_word' id='word_1_22' title='bbox 452 390 545 440; x_wconf 89' lang='lat' dir='ltr'><strong>crates</strong></span> <span class='ocrx_word' id='word_1_23' title='bbox 566 382 693 457; x_wconf 83' lang='lat' dir='ltr'><strong>pectoris</strong></span> <span class='ocrx_word' id='word_1_24' title='bbox 714 400 823 442; x_wconf 86' lang='lat' dir='ltr'><strong>ensem.</strong></span> <span class='ocrx_word' id='word_1_25' title='bbox 875 438 879 447; x_wconf 90' lang='grc'>,</span> 
     </span>
     <span class='ocr_line' id='line_1_5' title="bbox 73 459 984 537; baseline -0.001 -17"><span class='ocrx_word' id='word_1_26' title='bbox 73 464 197 520; x_wconf 91' lang='lat' dir='ltr'><strong>Turnus</strong></span> <span class='ocrx_word' id='word_1_27' title='bbox 219 480 296 537; x_wconf 93' lang='lat' dir='ltr'><strong>equo</strong></span> <span class='ocrx_word' id='word_1_28' title='bbox 317 459 465 520; x_wconf 89' lang='lat' dir='ltr'><strong>deiectum</strong></span> <span class='ocrx_word' id='word_1_29' title='bbox 485 464 632 537; x_wconf 86' lang='lat' dir='ltr'><strong>Amycum</strong></span> <span class='ocrx_word' id='word_1_30' title='bbox 653 463 830 536; x_wconf 83' lang='lat' dir='ltr'><strong>fratremque</strong></span> <span class='ocrx_word' id='word_1_31' title='bbox 851 459 984 532; x_wconf 91' lang='lat' dir='ltr'><strong>Diorem,</strong></span> 
     </span>
     <span class='ocr_line' id='line_1_6' title="bbox 77 540 1070 617; baseline -0.006 -15"><span class='ocrx_word' id='word_1_32' title='bbox 77 543 262 617; x_wconf 85' lang='lat' dir='ltr'><strong>Congressus</strong></span> <span class='ocrx_word' id='word_1_33' title='bbox 282 541 383 617; x_wconf 86' lang='lat' dir='ltr'><strong>pedes,</strong></span> <span class='ocrx_word' id='word_1_34' title='bbox 405 541 485 599; x_wconf 91' lang='lat' dir='ltr'><strong>hunc</strong></span> <span class='ocrx_word' id='word_1_35' title='bbox 505 540 673 600; x_wconf 88' lang='lat' dir='ltr'><strong>venientem</strong></span> <span class='ocrx_word' id='word_1_36' title='bbox 693 540 817 616; x_wconf 89' lang='lat' dir='ltr'><strong>cuspide</strong></span> <span class='ocrx_word' id='word_1_37' title='bbox 837 542 934 617; x_wconf 85' lang='lat' dir='ltr'><strong>longa,</strong></span> <span class='ocrx_word' id='word_1_38' title='bbox 1012 557 1070 616; x_wconf 87' lang='lat'><strong>510</strong></span> 
     </span>
    </p>
   </div>
   <div class='ocr_carea' id='block_1_3' title="bbox 75 619 1069 1332">
    <p class='ocr_par' dir='ltr' id='par_1_3' title="bbox 78 619 871 697">
     <span class='ocr_line' id='line_1_7' title="bbox 78 619 871 697; baseline -0.003 -17"><span class='ocrx_word' id='word_1_39' title='bbox 78 623 175 680; x_wconf 90' lang='lat' dir='ltr'><strong>Hunc</strong></span> <span class='ocrx_word' id='word_1_40' title='bbox 195 639 338 679; x_wconf 90' lang='lat' dir='ltr'><strong>mucrone</strong></span> <span class='ocrx_word' id='word_1_41' title='bbox 358 619 423 679; x_wconf 85' lang='lat' dir='ltr'><strong>ferit</strong></span> <span class='ocrx_word' id='word_1_42' title='bbox 443 639 589 697; x_wconf 91' lang='lat' dir='ltr'><strong>curruque</strong></span> <span class='ocrx_word' id='word_1_43' title='bbox 609 619 724 680; x_wconf 89' lang='lat' dir='ltr'><strong>abscisa</strong></span> <span class='ocrx_word' id='word_1_44' title='bbox 744 622 871 679; x_wconf 91' lang='lat' dir='ltr'><strong>duorum</strong></span> 
     </span>
    </p>

    <p class='ocr_par' dir='ltr' id='par_1_4' title="bbox 76 699 853 776">
     <span class='ocr_line' id='line_1_8' title="bbox 76 699 853 776; baseline -0.003 -17"><span class='ocrx_word' id='word_1_45' title='bbox 76 699 240 775; x_wconf 91' lang='lat' dir='ltr'><strong>Suspendit</strong></span> <span class='ocrx_word' id='word_1_46' title='bbox 260 699 365 775; x_wconf 87' lang='lat' dir='ltr'><strong>capita,</strong></span> <span class='ocrx_word' id='word_1_47' title='bbox 388 709 417 758; x_wconf 89' lang='lat' dir='ltr'><strong>et</strong></span> <span class='ocrx_word' id='word_1_48' title='bbox 438 701 566 759; x_wconf 88' lang='lat' dir='ltr'><strong>rorantia</strong></span> <span class='ocrx_word' id='word_1_49' title='bbox 586 700 729 776; x_wconf 87' lang='lat' dir='ltr'><strong>sanguine</strong></span> <span class='ocrx_word' id='word_1_50' title='bbox 749 709 853 775; x_wconf 85' lang='lat' dir='ltr'><strong>portat.</strong></span> 
     </span>
    </p>

    <p class='ocr_par' dir='ltr' id='par_1_5' title="bbox 77 779 927 855">
     <span class='ocr_line' id='line_1_9' title="bbox 77 779 927 855; baseline -0.002 -17"><span class='ocrx_word' id='word_1_51' title='bbox 77 781 136 838; x_wconf 93' lang='lat' dir='ltr'><strong>Ille</strong></span> <span class='ocrx_word' id='word_1_52' title='bbox 157 781 254 838; x_wconf 90' lang='lat' dir='ltr'><strong>Talon</strong></span> <span class='ocrx_word' id='word_1_53' title='bbox 274 779 460 854; x_wconf 84' lang='lat' dir='ltr'><strong>Tanaimque</strong></span> <span class='ocrx_word' id='word_1_54' title='bbox 481 780 547 838; x_wconf 89' lang='lat' dir='ltr'><strong>neci</strong></span> <span class='ocrx_word' id='word_1_55' title='bbox 568 781 733 855; x_wconf 84' lang='lat' dir='ltr'><strong>fortemque</strong></span> <span class='ocrx_word' id='word_1_56' title='bbox 754 779 927 854; x_wconf 86' lang='lat' dir='ltr'><strong>Cethegum,</strong></span> 
     </span>
    </p>

    <p class='ocr_par' dir='ltr' id='par_1_6' title="bbox 75 859 890 934">
     <span class='ocr_line' id='line_1_10' title="bbox 75 859 890 934; baseline -0.002 -16"><span class='ocrx_word' id='word_1_57' title='bbox 75 862 154 918; x_wconf 91' lang='lat' dir='ltr'><strong>Tres</strong></span> <span class='ocrx_word' id='word_1_58' title='bbox 174 878 235 918; x_wconf 91' lang='lat' dir='ltr'><strong>uno</strong></span> <span class='ocrx_word' id='word_1_59' title='bbox 256 877 422 934; x_wconf 84' lang='lat' dir='ltr'><strong>congressu,</strong></span> <span class='ocrx_word' id='word_1_60' title='bbox 445 871 475 918; x_wconf 93' lang='lat' dir='ltr'><strong>et</strong></span> <span class='ocrx_word' id='word_1_61' title='bbox 496 871 640 918; x_wconf 87' lang='lat' dir='ltr'><strong>maestum</strong></span> <span class='ocrx_word' id='word_1_62' title='bbox 661 859 750 918; x_wconf 90' lang='lat' dir='ltr'><strong>mittit</strong></span> <span class='ocrx_word' id='word_1_63' title='bbox 770 859 890 931; x_wconf 87' lang='lat' dir='ltr'><strong>Oniten,</strong></span> 
     </span>
    </p>

    <p class='ocr_par' dir='ltr' id='par_1_7' title="bbox 78 937 1069 1094">
     <span class='ocr_line' id='line_1_11' title="bbox 78 937 1069 1015; baseline -0.004 -16"><span class='ocrx_word' id='word_1_64' title='bbox 78 941 202 999; x_wconf 90' lang='lat' dir='ltr'><strong>Nomen</strong></span> <span class='ocrx_word' id='word_1_65' title='bbox 225 937 401 997; x_wconf 88' lang='lat' dir='ltr'><strong>Echionium</strong></span> <span class='ocrx_word' id='word_1_66' title='bbox 422 939 580 1014; x_wconf 87' lang='lat' dir='ltr'><strong>matrisque</strong></span> <span class='ocrx_word' id='word_1_67' title='bbox 600 958 694 1015; x_wconf 83' lang='lat' dir='ltr'><strong>genus</strong></span> <span class='ocrx_word' id='word_1_68' title='bbox 716 937 848 997; x_wconf 89' lang='lat' dir='ltr'><strong>Peridiae</strong></span> <span class='ocrx_word' id='word_1_69' title='bbox 853 959 862 1011; x_wconf 86' lang='lat'>;</span> <span class='ocrx_word' id='word_1_70' title='bbox 1013 953 1069 1014; x_wconf 82' lang='lat'><strong>515</strong></span> 
     </span>
     <span class='ocr_line' id='line_1_12' title="bbox 78 1017 819 1094; baseline 0 -18"><span class='ocrx_word' id='word_1_71' title='bbox 78 1018 144 1076; x_wconf 94' lang='lat' dir='ltr'><strong>Hic</strong></span> <span class='ocrx_word' id='word_1_72' title='bbox 163 1018 263 1077; x_wconf 86' lang='lat' dir='ltr'><strong>fratres</strong></span> <span class='ocrx_word' id='word_1_73' title='bbox 284 1018 375 1094; x_wconf 88' lang='lat' dir='ltr'><strong>Lycia</strong></span> <span class='ocrx_word' id='word_1_74' title='bbox 395 1017 499 1077; x_wconf 91' lang='lat' dir='ltr'><strong>missos</strong></span> <span class='ocrx_word' id='word_1_75' title='bbox 520 1029 550 1078; x_wconf 91' lang='lat' dir='ltr'><strong>et</strong></span> <span class='ocrx_word' id='word_1_76' title='bbox 569 1018 715 1094; x_wconf 88' lang='lat' dir='ltr'><strong>Apollinis</strong></span> <span class='ocrx_word' id='word_1_77' title='bbox 735 1017 819 1092; x_wconf 85' lang='lat' dir='ltr'><strong>agris,</strong></span> 
     </span>
    </p>

    <p class='ocr_par' dir='ltr' id='par_1_8' title="bbox 78 1096 913 1174">
     <span class='ocr_line' id='line_1_13' title="bbox 78 1096 913 1174; baseline -0.001 -17"><span class='ocrx_word' id='word_1_78' title='bbox 78 1101 121 1157; x_wconf 92' lang='lat' dir='ltr'><strong>Et</strong></span> <span class='ocrx_word' id='word_1_79' title='bbox 141 1096 278 1156; x_wconf 89' lang='lat' dir='ltr'><strong>iuvenem</strong></span> <span class='ocrx_word' id='word_1_80' title='bbox 298 1116 421 1156; x_wconf 87' lang='lat' dir='ltr'><strong>exosum</strong></span> <span class='ocrx_word' id='word_1_81' title='bbox 441 1098 622 1174; x_wconf 88' lang='lat' dir='ltr'><strong>nequiquam</strong></span> <span class='ocrx_word' id='word_1_82' title='bbox 642 1099 721 1157; x_wconf 90' lang='lat' dir='ltr'><strong>bella</strong></span> <span class='ocrx_word' id='word_1_83' title='bbox 742 1099 913 1169; x_wconf 87' lang='lat' dir='ltr'><strong>Menoeten,</strong></span> 
     </span>
    </p>

    <p class='ocr_par' dir='ltr' id='par_1_9' title="bbox 77 1176 835 1253">
     <span class='ocr_line' id='line_1_14' title="bbox 77 1176 835 1253; baseline -0.003 -16"><span class='ocrx_word' id='word_1_84' title='bbox 77 1177 207 1248; x_wconf 87' lang='lat' dir='ltr'><strong>Arcada,</strong></span> <span class='ocrx_word' id='word_1_85' title='bbox 227 1177 361 1253; x_wconf 89' lang='lat' dir='ltr'><strong>piscosae</strong></span> <span class='ocrx_word' id='word_1_86' title='bbox 376 1176 429 1237; x_wconf 87' lang='lat' dir='ltr'><strong>cui</strong></span> <span class='ocrx_word' id='word_1_87' title='bbox 449 1177 559 1237; x_wconf 91' lang='lat' dir='ltr'><strong>circum</strong></span> <span class='ocrx_word' id='word_1_88' title='bbox 579 1177 702 1237; x_wconf 89' lang='lat' dir='ltr'><strong>flumina</strong></span> <span class='ocrx_word' id='word_1_89' title='bbox 722 1180 835 1237; x_wconf 91' lang='lat' dir='ltr'><strong>Lernae</strong></span> 
     </span>
    </p>

    <p class='ocr_par' dir='ltr' id='par_1_10' title="bbox 77 1257 924 1332">
     <span class='ocr_line' id='line_1_15' title="bbox 77 1257 924 1332; baseline -0.002 -16"><span class='ocrx_word' id='word_1_90' title='bbox 77 1261 138 1316; x_wconf 90' lang='lat' dir='ltr'><strong>Ars</strong></span> <span class='ocrx_word' id='word_1_91' title='bbox 159 1257 251 1316; x_wconf 82' lang='lat' dir='ltr'><strong>suerat</strong></span> <span class='ocrx_word' id='word_1_92' title='bbox 270 1275 442 1332; x_wconf 86' lang='lat' dir='ltr'><strong>pauperque</strong></span> <span class='ocrx_word' id='word_1_93' title='bbox 463 1258 578 1330; x_wconf 91' lang='lat' dir='ltr'><strong>domus,</strong></span> <span class='ocrx_word' id='word_1_94' title='bbox 600 1276 656 1316; x_wconf 92' lang='lat' dir='ltr'><strong>nec</strong></span> <span class='ocrx_word' id='word_1_95' title='bbox 677 1267 748 1317; x_wconf 88' lang='lat' dir='ltr'><strong>nota</strong></span> <span class='ocrx_word' id='word_1_96' title='bbox 768 1267 924 1331; x_wconf 88' lang='lat' dir='ltr'><strong>potentum</strong></span> 
     </span>
    </p>
   </div>
   <div class='ocr_carea' id='block_1_4' title="bbox 80 1337 1172 1413">
    <p class='ocr_par' dir='ltr' id='par_1_11' title="bbox 80 1337 1172 1413">
     <span class='ocr_line' id='line_1_16' title="bbox 80 1337 1172 1413; baseline -0.005 -17"><span class='ocrx_word' id='word_1_97' title='bbox 80 1338 218 1408; x_wconf 87' lang='lat' dir='ltr'><strong>Munera,</strong></span> <span class='ocrx_word' id='word_1_98' title='bbox 240 1337 448 1413; x_wconf 87' lang='lat' dir='ltr'><strong>conductaque</strong></span> <span class='ocrx_word' id='word_1_99' title='bbox 468 1346 551 1413; x_wconf 90' lang='lat' dir='ltr'><strong>pater</strong></span> <span class='ocrx_word' id='word_1_100' title='bbox 571 1339 674 1396; x_wconf 91' lang='lat' dir='ltr'><strong>tellure</strong></span> <span class='ocrx_word' id='word_1_101' title='bbox 695 1338 817 1396; x_wconf 85' lang='lat' dir='ltr'><strong>serebat</strong></span> <span class='ocrx_word' id='word_1_102' title='bbox 1013 1351 1071 1411; x_wconf 85' lang='lat'><strong>5²0</strong></span> <span class='ocrx_word' id='word_1_103' title='bbox 1169 1378 1172 1382; x_wconf 86' lang='lat'>.</span> 
     </span>
    </p>
   </div>
   <div class='ocr_carea' id='block_1_5' title="bbox 78 1415 1073 3398">
    <p class='ocr_par' dir='ltr' id='par_1_12' title="bbox 78 1415 758 1492">
     <span class='ocr_line' id='line_1_17' title="bbox 78 1415 758 1492; baseline 0.001 -17"><span class='ocrx_word' id='word_1_104' title='bbox 78 1418 130 1475; x_wconf 90' lang='lat' dir='ltr'><strong>Ac</strong></span> <span class='ocrx_word' id='word_1_105' title='bbox 150 1416 229 1474; x_wconf 92' lang='lat' dir='ltr'><strong>velut</strong></span> <span class='ocrx_word' id='word_1_106' title='bbox 249 1415 361 1476; x_wconf 85' lang='lat' dir='ltr'><strong>inmissi</strong></span> <span class='ocrx_word' id='word_1_107' title='bbox 383 1416 503 1476; x_wconf 91' lang='lat' dir='ltr'><strong>diversis</strong></span> <span class='ocrx_word' id='word_1_108' title='bbox 524 1417 655 1492; x_wconf 91' lang='lat' dir='ltr'><strong>partibus</strong></span> <span class='ocrx_word' id='word_1_109' title='bbox 676 1415 758 1492; x_wconf 84' lang='lat' dir='ltr'><strong>ignes</strong></span> 
     </span>
    </p>

    <p class='ocr_par' dir='ltr' id='par_1_13' title="bbox 80 1495 861 1572">
     <span class='ocr_line' id='line_1_18' title="bbox 80 1495 861 1572; baseline 0.004 -17"><span class='ocrx_word' id='word_1_110' title='bbox 80 1498 225 1555; x_wconf 88' lang='lat' dir='ltr'><strong>Arentem</strong></span> <span class='ocrx_word' id='word_1_111' title='bbox 238 1495 269 1553; x_wconf 91' lang='lat' dir='ltr'><strong>in</strong></span> <span class='ocrx_word' id='word_1_112' title='bbox 290 1497 393 1555; x_wconf 88' lang='lat' dir='ltr'><strong>silvam</strong></span> <span class='ocrx_word' id='word_1_113' title='bbox 413 1507 443 1555; x_wconf 92' lang='lat' dir='ltr'><strong>et</strong></span> <span class='ocrx_word' id='word_1_114' title='bbox 463 1497 586 1572; x_wconf 85' lang='lat' dir='ltr'><strong>virgulta</strong></span> <span class='ocrx_word' id='word_1_115' title='bbox 606 1496 741 1557; x_wconf 90' lang='lat' dir='ltr'><strong>sonantia</strong></span> <span class='ocrx_word' id='word_1_116' title='bbox 761 1498 861 1558; x_wconf 84' lang='lat' dir='ltr'><strong>lauro:</strong></span> 
     </span>
    </p>

    <p class='ocr_par' dir='ltr' id='par_1_14' title="bbox 80 1573 800 1651">
     <span class='ocr_line' id='line_1_19' title="bbox 80 1573 800 1651; baseline -0.001 -17"><span class='ocrx_word' id='word_1_117' title='bbox 80 1577 146 1634; x_wconf 91' lang='lat' dir='ltr'><strong>Aut</strong></span> <span class='ocrx_word' id='word_1_118' title='bbox 166 1573 218 1634; x_wconf 92' lang='lat' dir='ltr'><strong>ubi</strong></span> <span class='ocrx_word' id='word_1_119' title='bbox 237 1575 363 1635; x_wconf 90' lang='lat' dir='ltr'><strong>decursu</strong></span> <span class='ocrx_word' id='word_1_120' title='bbox 383 1575 486 1651; x_wconf 88' lang='lat' dir='ltr'><strong>rapido</strong></span> <span class='ocrx_word' id='word_1_121' title='bbox 507 1577 545 1635; x_wconf 93' lang='lat' dir='ltr'><strong>de</strong></span> <span class='ocrx_word' id='word_1_122' title='bbox 565 1576 714 1637; x_wconf 90' lang='lat' dir='ltr'><strong>montibus</strong></span> <span class='ocrx_word' id='word_1_123' title='bbox 735 1575 800 1634; x_wconf 88' lang='lat' dir='ltr'><strong>altis</strong></span> 
     </span>
    </p>

    <p class='ocr_par' dir='ltr' id='par_1_15' title="bbox 80 1655 1068 1970">
     <span class='ocr_line' id='line_1_20' title="bbox 82 1655 992 1732; baseline 0 -18"><span class='ocrx_word' id='word_1_124' title='bbox 82 1657 167 1714; x_wconf 87' lang='lat' dir='ltr'><strong>Dant</strong></span> <span class='ocrx_word' id='word_1_125' title='bbox 187 1655 315 1714; x_wconf 90' lang='lat' dir='ltr'><strong>sonitum</strong></span> <span class='ocrx_word' id='word_1_126' title='bbox 336 1655 467 1730; x_wconf 89' lang='lat' dir='ltr'><strong>spumosi</strong></span> <span class='ocrx_word' id='word_1_127' title='bbox 487 1675 597 1728; x_wconf 90' lang='lat' dir='ltr'><strong>amnes,</strong></span> <span class='ocrx_word' id='word_1_128' title='bbox 619 1668 649 1716; x_wconf 91' lang='lat' dir='ltr'><strong>et</strong></span> <span class='ocrx_word' id='word_1_129' title='bbox 669 1655 701 1714; x_wconf 91' lang='lat' dir='ltr'><strong>in</strong></span> <span class='ocrx_word' id='word_1_130' title='bbox 721 1663 851 1732; x_wconf 83' lang='lat' dir='ltr'><strong>aequora</strong></span> <span class='ocrx_word' id='word_1_131' title='bbox 872 1664 992 1714; x_wconf 91' lang='lat' dir='ltr'><strong>currunt</strong></span> 
     </span>
     <span class='ocr_line' id='line_1_21' title="bbox 82 1733 1068 1812; baseline -0.003 -20"><span class='ocrx_word' id='word_1_132' title='bbox 82 1733 217 1810; x_wconf 89' lang='lat' dir='ltr'><strong>Quisque</strong></span> <span class='ocrx_word' id='word_1_133' title='bbox 238 1753 324 1794; x_wconf 89' lang='lat' dir='ltr'><strong>suum</strong></span> <span class='ocrx_word' id='word_1_134' title='bbox 345 1737 503 1812; x_wconf 89' lang='lat' dir='ltr'><strong>populatus</strong></span> <span class='ocrx_word' id='word_1_135' title='bbox 523 1735 591 1795; x_wconf 88' lang='lat' dir='ltr'><strong>iter:</strong></span> <span class='ocrx_word' id='word_1_136' title='bbox 612 1755 674 1795; x_wconf 91' lang='lat' dir='ltr'><strong>non</strong></span> <span class='ocrx_word' id='word_1_137' title='bbox 694 1736 812 1811; x_wconf 88' lang='lat' dir='ltr'><strong>segnius</strong></span> <span class='ocrx_word' id='word_1_138' title='bbox 832 1737 923 1794; x_wconf 89' lang='lat' dir='ltr'><strong>ambo</strong></span> <span class='ocrx_word' id='word_1_139' title='bbox 1013 1749 1048 1808; x_wconf 86' lang='lat'><strong>52</strong></span> <span class='ocrx_word' id='word_1_140' title='bbox 1054 1750 1068 1808; x_wconf 85' lang='lat'><strong>5</strong></span> 
     </span>
     <span class='ocr_line' id='line_1_22' title="bbox 80 1815 937 1890; baseline 0 -17"><span class='ocrx_word' id='word_1_141' title='bbox 80 1818 201 1873; x_wconf 88' lang='lat' dir='ltr'><strong>Aeneas</strong></span> <span class='ocrx_word' id='word_1_142' title='bbox 221 1816 398 1890; x_wconf 91' lang='lat' dir='ltr'><strong>Turnusque</strong></span> <span class='ocrx_word' id='word_1_143' title='bbox 418 1825 506 1874; x_wconf 91' lang='lat' dir='ltr'><strong>ruunt</strong></span> <span class='ocrx_word' id='word_1_144' title='bbox 526 1834 579 1890; x_wconf 91' lang='lat' dir='ltr'><strong>per</strong></span> <span class='ocrx_word' id='word_1_145' title='bbox 598 1815 725 1890; x_wconf 80' lang='lat' dir='ltr'><strong>proelia3</strong></span> <span class='ocrx_word' id='word_1_146' title='bbox 748 1833 835 1887; x_wconf 84' lang='lat' dir='ltr'><strong>nunc,</strong></span> <span class='ocrx_word' id='word_1_147' title='bbox 858 1832 937 1873; x_wconf 89' lang='lat' dir='ltr'><strong>nunc</strong></span> 
     </span>
     <span class='ocr_line' id='line_1_23' title="bbox 84 1893 807 1970; baseline -0.001 -18"><span class='ocrx_word' id='word_1_148' title='bbox 84 1895 223 1953; x_wconf 90' lang='lat' dir='ltr'><strong>Fluctuat</strong></span> <span class='ocrx_word' id='word_1_149' title='bbox 242 1893 284 1953; x_wconf 91' lang='lat' dir='ltr'><strong>ira</strong></span> <span class='ocrx_word' id='word_1_150' title='bbox 303 1893 395 1954; x_wconf 90' lang='lat' dir='ltr'><strong>intus:</strong></span> <span class='ocrx_word' id='word_1_151' title='bbox 415 1907 592 1970; x_wconf 91' lang='lat' dir='ltr'><strong>rumpuntur</strong></span> <span class='ocrx_word' id='word_1_152' title='bbox 610 1893 710 1953; x_wconf 91' lang='lat' dir='ltr'><strong>nescia</strong></span> <span class='ocrx_word' id='word_1_153' title='bbox 729 1893 807 1953; x_wconf 90' lang='lat' dir='ltr'><strong>vinci</strong></span> 
     </span>
    </p>

    <p class='ocr_par' dir='ltr' id='par_1_16' title="bbox 82 1972 815 2046">
     <span class='ocr_line' id='line_1_24' title="bbox 82 1972 815 2046; baseline -0.001 -14"><span class='ocrx_word' id='word_1_154' title='bbox 82 1976 222 2046; x_wconf 79' lang='lat' dir='ltr'><strong>Pectora3</strong></span> <span class='ocrx_word' id='word_1_155' title='bbox 243 1993 323 2032; x_wconf 91' lang='lat' dir='ltr'><strong>nunc</strong></span> <span class='ocrx_word' id='word_1_156' title='bbox 343 1974 412 2033; x_wconf 89' lang='lat' dir='ltr'><strong>totis</strong></span> <span class='ocrx_word' id='word_1_157' title='bbox 432 1973 463 2033; x_wconf 92' lang='lat' dir='ltr'><strong>in</strong></span> <span class='ocrx_word' id='word_1_158' title='bbox 483 1976 603 2033; x_wconf 90' lang='lat' dir='ltr'><strong>volnera</strong></span> <span class='ocrx_word' id='word_1_159' title='bbox 622 1973 730 2033; x_wconf 91' lang='lat' dir='ltr'><strong>viribus</strong></span> <span class='ocrx_word' id='word_1_160' title='bbox 751 1972 815 2032; x_wconf 90' lang='lat' dir='ltr'><strong>itur.</strong></span> 
     </span>
    </p>

    <p class='ocr_par' dir='ltr' id='par_1_17' title="bbox 83 2051 1071 2290">
     <span class='ocr_line' id='line_1_25' title="bbox 84 2051 963 2128; baseline -0.002 -16"><span class='ocrx_word' id='word_1_161' title='bbox 84 2055 258 2112; x_wconf 86' lang='lat' dir='ltr'><strong>Murranum</strong></span> <span class='ocrx_word' id='word_1_162' title='bbox 279 2053 335 2126; x_wconf 89' lang='lat' dir='ltr'><strong>hic,</strong></span> <span class='ocrx_word' id='word_1_163' title='bbox 356 2064 458 2113; x_wconf 86' lang='lat' dir='ltr'><strong>atavos</strong></span> <span class='ocrx_word' id='word_1_164' title='bbox 478 2065 508 2114; x_wconf 90' lang='lat' dir='ltr'><strong>et</strong></span> <span class='ocrx_word' id='word_1_165' title='bbox 528 2072 649 2113; x_wconf 88' lang='lat' dir='ltr'><strong>avorum</strong></span> <span class='ocrx_word' id='word_1_166' title='bbox 669 2051 790 2128; x_wconf 90' lang='lat' dir='ltr'><strong>antiqua</strong></span> <span class='ocrx_word' id='word_1_167' title='bbox 810 2061 963 2111; x_wconf 91' lang='lat' dir='ltr'><strong>sonantem</strong></span> 
     </span>
     <span class='ocr_line' id='line_1_26' title="bbox 83 2131 1071 2210; baseline -0.005 -19"><span class='ocrx_word' id='word_1_168' title='bbox 83 2131 223 2204; x_wconf 87' lang='lat' dir='ltr'><strong>Nomina,</strong></span> <span class='ocrx_word' id='word_1_169' title='bbox 245 2152 298 2208; x_wconf 91' lang='lat' dir='ltr'><strong>per</strong></span> <span class='ocrx_word' id='word_1_170' title='bbox 316 2152 458 2210; x_wconf 86' lang='lat' dir='ltr'><strong>regesque</strong></span> <span class='ocrx_word' id='word_1_171' title='bbox 477 2145 577 2193; x_wconf 87' lang='lat' dir='ltr'><strong>actum</strong></span> <span class='ocrx_word' id='word_1_172' title='bbox 597 2152 690 2210; x_wconf 89' lang='lat' dir='ltr'><strong>genus</strong></span> <span class='ocrx_word' id='word_1_173' title='bbox 710 2151 799 2191; x_wconf 90' lang='lat' dir='ltr'><strong>omne</strong></span> <span class='ocrx_word' id='word_1_174' title='bbox 820 2131 949 2204; x_wconf 67' lang='lat' dir='ltr'><strong>Latinos</strong></span> <span class='ocrx_word' id='word_1_175' title='bbox 1013 2145 1071 2206; x_wconf 83' lang='lat'><strong>530</strong></span> 
     </span>
     <span class='ocr_line' id='line_1_27' title="bbox 84 2210 899 2290; baseline -0.001 -20"><span class='ocrx_word' id='word_1_176' title='bbox 84 2211 279 2288; x_wconf 88' lang='lat' dir='ltr'><strong>Praecipitem</strong></span> <span class='ocrx_word' id='word_1_177' title='bbox 300 2215 422 2289; x_wconf 92' lang='lat' dir='ltr'><strong>scopulo</strong></span> <span class='ocrx_word' id='word_1_178' title='bbox 443 2223 532 2290; x_wconf 90' lang='lat' dir='ltr'><strong>atque</strong></span> <span class='ocrx_word' id='word_1_179' title='bbox 552 2212 678 2288; x_wconf 87' lang='lat' dir='ltr'><strong>ingentis</strong></span> <span class='ocrx_word' id='word_1_180' title='bbox 699 2211 816 2272; x_wconf 90' lang='lat' dir='ltr'><strong>turbine</strong></span> <span class='ocrx_word' id='word_1_181' title='bbox 836 2210 899 2270; x_wconf 85' lang='lat' dir='ltr'><strong>saxi</strong></span> 
     </span>
    </p>

    <p class='ocr_par' dir='ltr' id='par_1_18' title="bbox 85 2291 955 2448">
     <span class='ocr_line' id='line_1_28' title="bbox 85 2291 955 2369; baseline 0 -19"><span class='ocrx_word' id='word_1_182' title='bbox 85 2291 213 2362; x_wconf 85' lang='lat' dir='ltr'><strong>Excutit,</strong></span> <span class='ocrx_word' id='word_1_183' title='bbox 234 2292 417 2369; x_wconf 87' lang='lat' dir='ltr'><strong>effunditque</strong></span> <span class='ocrx_word' id='word_1_184' title='bbox 438 2295 502 2354; x_wconf 90' lang='lat' dir='ltr'><strong>solo</strong></span> <span class='ocrx_word' id='word_1_185' title='bbox 507 2314 516 2366; x_wconf 79' lang='lat'>3</span> <span class='ocrx_word' id='word_1_186' title='bbox 536 2293 616 2351; x_wconf 94' lang='lat' dir='ltr'><strong>hunc</strong></span> <span class='ocrx_word' id='word_1_187' title='bbox 636 2294 698 2352; x_wconf 89' lang='lat' dir='ltr'><strong>lora</strong></span> <span class='ocrx_word' id='word_1_188' title='bbox 718 2302 748 2351; x_wconf 90' lang='lat' dir='ltr'><strong>et</strong></span> <span class='ocrx_word' id='word_1_189' title='bbox 768 2291 837 2367; x_wconf 87' lang='lat' dir='ltr'><strong>iuga</strong></span> <span class='ocrx_word' id='word_1_190' title='bbox 856 2291 955 2351; x_wconf 88' lang='lat' dir='ltr'><strong>subter</strong></span> 
     </span>
     <span class='ocr_line' id='line_1_29' title="bbox 86 2371 844 2448; baseline 0 -19"><span class='ocrx_word' id='word_1_191' title='bbox 86 2371 263 2431; x_wconf 87' lang='lat' dir='ltr'><strong>Provolvere</strong></span> <span class='ocrx_word' id='word_1_192' title='bbox 281 2381 364 2431; x_wconf 89' lang='lat' dir='ltr'><strong>rotae</strong></span> <span class='ocrx_word' id='word_1_193' title='bbox 369 2394 378 2447; x_wconf 86' lang='lat'>;</span> <span class='ocrx_word' id='word_1_194' title='bbox 399 2374 501 2433; x_wconf 92' lang='lat' dir='ltr'><strong>crebro</strong></span> <span class='ocrx_word' id='word_1_195' title='bbox 522 2391 610 2448; x_wconf 93' lang='lat' dir='ltr'><strong>super</strong></span> <span class='ocrx_word' id='word_1_196' title='bbox 629 2373 739 2447; x_wconf 86' lang='lat' dir='ltr'><strong>ungula</strong></span> <span class='ocrx_word' id='word_1_197' title='bbox 758 2373 844 2448; x_wconf 92' lang='lat' dir='ltr'><strong>pulsu</strong></span> 
     </span>
    </p>

    <p class='ocr_par' dir='ltr' id='par_1_19' title="bbox 86 2449 917 2528">
     <span class='ocr_line' id='line_1_30' title="bbox 86 2449 917 2528; baseline 0.001 -19"><span class='ocrx_word' id='word_1_198' title='bbox 86 2449 183 2509; x_wconf 90' lang='lat' dir='ltr'><strong>Incita</strong></span> <span class='ocrx_word' id='word_1_199' title='bbox 203 2469 259 2510; x_wconf 91' lang='lat' dir='ltr'><strong>nec</strong></span> <span class='ocrx_word' id='word_1_200' title='bbox 278 2450 391 2512; x_wconf 90' lang='lat' dir='ltr'><strong>domini</strong></span> <span class='ocrx_word' id='word_1_201' title='bbox 411 2471 576 2513; x_wconf 88' lang='lat' dir='ltr'><strong>memomm</strong></span> <span class='ocrx_word' id='word_1_202' title='bbox 596 2453 748 2528; x_wconf 87' lang='lat' dir='ltr'><strong>proculcat</strong></span> <span class='ocrx_word' id='word_1_203' title='bbox 767 2469 917 2527; x_wconf 80' lang='lat' dir='ltr'><strong>equorum</strong></span> 
     </span>
    </p>

    <p class='ocr_par' dir='ltr' id='par_1_20' title="bbox 85 2529 1070 2687">
     <span class='ocr_line' id='line_1_31' title="bbox 85 2529 1070 2608; baseline 0.001 -19"><span class='ocrx_word' id='word_1_204' title='bbox 85 2531 141 2589; x_wconf 91' lang='lat' dir='ltr'><strong>Ille</strong></span> <span class='ocrx_word' id='word_1_205' title='bbox 162 2529 257 2590; x_wconf 90' lang='lat' dir='ltr'><strong>ruenti</strong></span> <span class='ocrx_word' id='word_1_206' title='bbox 278 2532 370 2607; x_wconf 91' lang='lat' dir='ltr'><strong>Hyllo</strong></span> <span class='ocrx_word' id='word_1_207' title='bbox 390 2531 553 2608; x_wconf 90' lang='lat' dir='ltr'><strong>animisque</strong></span> <span class='ocrx_word' id='word_1_208' title='bbox 571 2532 699 2591; x_wconf 88' lang='lat' dir='ltr'><strong>immane</strong></span> <span class='ocrx_word' id='word_1_209' title='bbox 719 2533 853 2592; x_wconf 83' lang='lat' dir='ltr'><strong>frementi</strong></span> <span class='ocrx_word' id='word_1_210' title='bbox 1015 2541 1070 2605; x_wconf 81' lang='lat'><strong>535</strong></span> 
     </span>
     <span class='ocr_line' id='line_1_32' title="bbox 85 2609 888 2687; baseline 0.001 -18"><span class='ocrx_word' id='word_1_211' title='bbox 85 2609 229 2682; x_wconf 88' lang='lat' dir='ltr'><strong>Occurrit,</strong></span> <span class='ocrx_word' id='word_1_212' title='bbox 252 2611 403 2686; x_wconf 90' lang='lat' dir='ltr'><strong>telumque</strong></span> <span class='ocrx_word' id='word_1_213' title='bbox 424 2623 525 2670; x_wconf 88' lang='lat' dir='ltr'><strong>aurata</strong></span> <span class='ocrx_word' id='word_1_214' title='bbox 545 2612 585 2671; x_wconf 90' lang='lat' dir='ltr'><strong>ad</strong></span> <span class='ocrx_word' id='word_1_215' title='bbox 604 2622 738 2687; x_wconf 90' lang='lat' dir='ltr'><strong>tempora</strong></span> <span class='ocrx_word' id='word_1_216' title='bbox 757 2620 888 2686; x_wconf 85' lang='lat' dir='ltr'><strong>torquet:</strong></span> 
     </span>
    </p>

    <p class='ocr_par' dir='ltr' id='par_1_21' title="bbox 85 2687 783 2765">
     <span class='ocr_line' id='line_1_33' title="bbox 85 2687 783 2765; baseline -0.004 -16"><span class='ocrx_word' id='word_1_217' title='bbox 85 2687 147 2749; x_wconf 92' lang='lat' dir='ltr'><strong>Olli</strong></span> <span class='ocrx_word' id='word_1_218' title='bbox 166 2706 219 2764; x_wconf 92' lang='lat' dir='ltr'><strong>per</strong></span> <span class='ocrx_word' id='word_1_219' title='bbox 238 2690 353 2765; x_wconf 85' lang='lat' dir='ltr'><strong>galeam</strong></span> <span class='ocrx_word' id='word_1_220' title='bbox 373 2691 432 2748; x_wconf 85' lang='lat' dir='ltr'><strong>lixo</strong></span> <span class='ocrx_word' id='word_1_221' title='bbox 453 2690 531 2749; x_wconf 90' lang='lat' dir='ltr'><strong>stetit</strong></span> <span class='ocrx_word' id='word_1_222' title='bbox 551 2691 636 2749; x_wconf 86' lang='lat' dir='ltr'><strong>hasta</strong></span> <span class='ocrx_word' id='word_1_223' title='bbox 655 2691 783 2748; x_wconf 91' lang='lat' dir='ltr'><strong>cerebro.</strong></span> 
     </span>
    </p>

    <p class='ocr_par' dir='ltr' id='par_1_22' title="bbox 85 2768 908 2842">
     <span class='ocr_line' id='line_1_34' title="bbox 85 2768 908 2842; baseline 0 -16"><span class='ocrx_word' id='word_1_224' title='bbox 85 2769 216 2826; x_wconf 89' lang='lat' dir='ltr'><strong>Dextera</strong></span> <span class='ocrx_word' id='word_1_225' title='bbox 235 2787 292 2827; x_wconf 92' lang='lat' dir='ltr'><strong>nec</strong></span> <span class='ocrx_word' id='word_1_226' title='bbox 311 2778 363 2827; x_wconf 91' lang='lat' dir='ltr'><strong>tua</strong></span> <span class='ocrx_word' id='word_1_227' title='bbox 383 2779 420 2842; x_wconf 89' lang='lat' dir='ltr'><strong>te,</strong></span> <span class='ocrx_word' id='word_1_228' title='bbox 443 2769 564 2830; x_wconf 83' lang='lat' dir='ltr'><strong>Graium</strong></span> <span class='ocrx_word' id='word_1_229' title='bbox 583 2769 748 2840; x_wconf 86' lang='lat' dir='ltr'><strong>fortissime,</strong></span> <span class='ocrx_word' id='word_1_230' title='bbox 771 2768 908 2838; x_wconf 90' lang='lat' dir='ltr'><strong>Cretheu,</strong></span> 
     </span>
    </p>

    <p class='ocr_par' dir='ltr' id='par_1_23' title="bbox 85 2847 791 2924">
     <span class='ocr_line' id='line_1_35' title="bbox 85 2847 791 2924; baseline 0.001 -19"><span class='ocrx_word' id='word_1_231' title='bbox 85 2847 201 2922; x_wconf 90' lang='lat' dir='ltr'><strong>Eripuit</strong></span> <span class='ocrx_word' id='word_1_232' title='bbox 221 2849 325 2908; x_wconf 90' lang='lat' dir='ltr'><strong>Turno</strong></span> <span class='ocrx_word' id='word_1_233' title='bbox 330 2868 339 2920; x_wconf 87' lang='lat'>;</span> <span class='ocrx_word' id='word_1_234' title='bbox 359 2867 416 2908; x_wconf 91' lang='lat' dir='ltr'><strong>nec</strong></span> <span class='ocrx_word' id='word_1_235' title='bbox 435 2847 467 2908; x_wconf 89' lang='lat' dir='ltr'><strong>di</strong></span> <span class='ocrx_word' id='word_1_236' title='bbox 487 2859 585 2908; x_wconf 88' lang='lat' dir='ltr'><strong>texere</strong></span> <span class='ocrx_word' id='word_1_237' title='bbox 606 2850 791 2924; x_wconf 88' lang='lat' dir='ltr'><strong>Cupencum,</strong></span> 
     </span>
    </p>

    <p class='ocr_par' dir='ltr' id='par_1_24' title="bbox 84 2925 1073 3082">
     <span class='ocr_line' id='line_1_36' title="bbox 84 2925 1073 3001; baseline -0.005 -16"><span class='ocrx_word' id='word_1_238' title='bbox 84 2928 188 2985; x_wconf 88' lang='lat' dir='ltr'><strong>Aenea</strong></span> <span class='ocrx_word' id='word_1_239' title='bbox 208 2926 351 2998; x_wconf 86' lang='lat' dir='ltr'><strong>veniente,</strong></span> <span class='ocrx_word' id='word_1_240' title='bbox 374 2925 432 3001; x_wconf 89' lang='lat' dir='ltr'><strong>sui;</strong></span> <span class='ocrx_word' id='word_1_241' title='bbox 453 2927 534 2987; x_wconf 90' lang='lat' dir='ltr'><strong>dedit</strong></span> <span class='ocrx_word' id='word_1_242' title='bbox 554 2928 643 2987; x_wconf 86' lang='lat' dir='ltr'><strong>obvia</strong></span> <span class='ocrx_word' id='word_1_243' title='bbox 662 2930 737 2986; x_wconf 83' lang='lat' dir='ltr'><strong>ferro</strong></span> <span class='ocrx_word' id='word_1_244' title='bbox 1016 2937 1073 3000; x_wconf 90' lang='lat'><strong>540</strong></span> 
     </span>
     <span class='ocr_line' id='line_1_37' title="bbox 86 3003 864 3082; baseline 0.001 -18"><span class='ocrx_word' id='word_1_245' title='bbox 86 3007 218 3077; x_wconf 89' lang='lat' dir='ltr'><strong>Pectora,</strong></span> <span class='ocrx_word' id='word_1_246' title='bbox 240 3024 297 3065; x_wconf 94' lang='lat' dir='ltr'><strong>nec</strong></span> <span class='ocrx_word' id='word_1_247' title='bbox 316 3005 423 3065; x_wconf 88' lang='lat' dir='ltr'><strong>misero</strong></span> <span class='ocrx_word' id='word_1_248' title='bbox 443 3005 529 3082; x_wconf 93' lang='lat' dir='ltr'><strong>clipei</strong></span> <span class='ocrx_word' id='word_1_249' title='bbox 550 3025 632 3066; x_wconf 90' lang='lat' dir='ltr'><strong>mora</strong></span> <span class='ocrx_word' id='word_1_250' title='bbox 652 3005 760 3081; x_wconf 89' lang='lat' dir='ltr'><strong>profuit</strong></span> <span class='ocrx_word' id='word_1_251' title='bbox 780 3003 864 3065; x_wconf 89' lang='lat' dir='ltr'><strong>acrei.</strong></span> 
     </span>
    </p>

    <p class='ocr_par' dir='ltr' id='par_1_25' title="bbox 85 3083 860 3160">
     <span class='ocr_line' id='line_1_38' title="bbox 85 3083 860 3160; baseline 0.003 -18"><span class='ocrx_word' id='word_1_252' title='bbox 85 3086 131 3143; x_wconf 91' lang='lat' dir='ltr'><strong>Te</strong></span> <span class='ocrx_word' id='word_1_253' title='bbox 151 3103 269 3160; x_wconf 89' lang='lat' dir='ltr'><strong>quoque</strong></span> <span class='ocrx_word' id='word_1_254' title='bbox 293 3087 454 3145; x_wconf 90' lang='lat' dir='ltr'><strong>Laurentes</strong></span> <span class='ocrx_word' id='word_1_255' title='bbox 474 3085 617 3158; x_wconf 88' lang='lat' dir='ltr'><strong>viderunt,</strong></span> <span class='ocrx_word' id='word_1_256' title='bbox 638 3087 740 3158; x_wconf 91' lang='lat' dir='ltr'><strong>Aeole,</strong></span> <span class='ocrx_word' id='word_1_257' title='bbox 764 3083 860 3160; x_wconf 90' lang='lat' dir='ltr'><strong>campi</strong></span> 
     </span>
    </p>

    <p class='ocr_par' dir='ltr' id='par_1_26' title="bbox 87 3165 815 3239">
     <span class='ocr_line' id='line_1_39' title="bbox 87 3165 815 3239; baseline -0.003 -15"><span class='ocrx_word' id='word_1_258' title='bbox 87 3165 236 3239; x_wconf 89' lang='lat' dir='ltr'><strong>Oppetere</strong></span> <span class='ocrx_word' id='word_1_259' title='bbox 256 3174 287 3222; x_wconf 91' lang='lat' dir='ltr'><strong>et</strong></span> <span class='ocrx_word' id='word_1_260' title='bbox 306 3165 365 3224; x_wconf 91' lang='lat' dir='ltr'><strong>late</strong></span> <span class='ocrx_word' id='word_1_261' title='bbox 386 3177 492 3224; x_wconf 89' lang='lat' dir='ltr'><strong>terram</strong></span> <span class='ocrx_word' id='word_1_262' title='bbox 513 3177 698 3224; x_wconf 89' lang='lat' dir='ltr'><strong>consternere</strong></span> <span class='ocrx_word' id='word_1_263' title='bbox 719 3174 801 3239; x_wconf 86' lang='lat' dir='ltr'><strong>tergo</strong></span> <span class='ocrx_word' id='word_1_264' title='bbox 806 3183 815 3235; x_wconf 79' lang='lat'>3</span> 
     </span>
    </p>

    <p class='ocr_par' dir='ltr' id='par_1_27' title="bbox 87 3241 877 3319">
     <span class='ocr_line' id='line_1_40' title="bbox 87 3241 877 3319; baseline -0.004 -16"><span class='ocrx_word' id='word_1_265' title='bbox 87 3241 215 3314; x_wconf 91' lang='lat' dir='ltr'><strong>Occidis,</strong></span> <span class='ocrx_word' id='word_1_266' title='bbox 237 3242 363 3318; x_wconf 86' lang='lat' dir='ltr'><strong>Argivae</strong></span> <span class='ocrx_word' id='word_1_267' title='bbox 382 3261 472 3318; x_wconf 91' lang='lat' dir='ltr'><strong>quern</strong></span> <span class='ocrx_word' id='word_1_268' title='bbox 492 3262 554 3302; x_wconf 90' lang='lat' dir='ltr'><strong>non</strong></span> <span class='ocrx_word' id='word_1_269' title='bbox 574 3252 697 3319; x_wconf 90' lang='lat' dir='ltr'><strong>potuere</strong></span> <span class='ocrx_word' id='word_1_270' title='bbox 717 3244 877 3318; x_wconf 84' lang='lat' dir='ltr'><strong>phalanges</strong></span> 
     </span>
    </p>

    <p class='ocr_par' dir='ltr' id='par_1_28' title="bbox 85 3321 1072 3398">
     <span class='ocr_line' id='line_1_41' title="bbox 85 3321 1072 3398; baseline -0.006 -16"><span class='ocrx_word' id='word_1_271' title='bbox 85 3322 228 3393; x_wconf 89' lang='lat' dir='ltr'><strong>Sternere,</strong></span> <span class='ocrx_word' id='word_1_272' title='bbox 250 3339 308 3380; x_wconf 89' lang='lat' dir='ltr'><strong>nec</strong></span> <span class='ocrx_word' id='word_1_273' title='bbox 329 3321 436 3380; x_wconf 92' lang='lat' dir='ltr'><strong>Priami</strong></span> <span class='ocrx_word' id='word_1_274' title='bbox 456 3340 613 3398; x_wconf 84' lang='lat' dir='ltr'><strong>regnorum</strong></span> <span class='ocrx_word' id='word_1_275' title='bbox 633 3331 750 3382; x_wconf 84' lang='lat' dir='ltr'><strong>eversor</strong></span> <span class='ocrx_word' id='word_1_276' title='bbox 769 3321 913 3390; x_wconf 89' lang='lat' dir='ltr'><strong>Achilles;</strong></span> <span class='ocrx_word' id='word_1_277' title='bbox 1016 3332 1072 3394; x_wconf 80' lang='lat'><strong>545</strong></span> 
     </span>
    </p>
   </div>
   <div class='ocr_carea' id='block_1_6' title="bbox 0 0 1240 3686">
    <p class='ocr_par' dir='ltr' id='par_1_29' title="bbox 0 0 1240 3686">
     <span class='ocr_line' id='line_1_42' title="bbox 0 0 1240 3686; baseline 0 0"><span class='ocrx_word' id='word_1_278' title='bbox 0 0 1240 3686; x_wconf 95' lang='lat' dir='ltr'><strong> </strong></span> 
     </span>
    </p>
   </div>
  </div>
 </body>
</html>
