<?xml version="1.0" encoding="UTF-8"?>
<!DOCTYPE html PUBLIC "-//W3C//DTD XHTML 1.0 Transitional//EN"
    "http://www.w3.org/TR/xhtml1/DTD/xhtml1-transitional.dtd">
<html xmlns="http://www.w3.org/1999/xhtml" xml:lang="en" lang="en">
 <head>
  <title>
</title>
<meta http-equiv="Content-Type" content="text/html;charset=utf-8" />
  <meta name='ocr-system' content='tesseract 3.04.00' />
  <meta name='ocr-capabilities' content='ocr_page ocr_carea ocr_par ocr_line ocrx_word'/>
</head>
<body>
  <div class='ocr_page' id='page_1' title='image "./pvergilimaronis13virggoog/pvergilimaronis13virggoog_0271.png"; bbox 0 0 2462 3678; ppageno 0'>
   <div class='ocr_carea' id='block_1_1' title="bbox 172 47 916 107">
    <p class='ocr_par' dir='ltr' id='par_1_1' title="bbox 172 47 916 107">
     <span class='ocr_line' id='line_1_1' title="bbox 172 47 916 107; baseline 0 -1"><span class='ocrx_word' id='word_1_1' title='bbox 172 50 227 106; x_wconf 80' lang='lat'><strong>262</strong></span> <span class='ocrx_word' id='word_1_2' title='bbox 423 49 458 107; x_wconf 86' lang='lat' dir='ltr'><strong>P.</strong></span> <span class='ocrx_word' id='word_1_3' title='bbox 494 48 686 106; x_wconf 84' lang='lat' dir='ltr'><em>VERGILJ</em></span> <span class='ocrx_word' id='word_1_4' title='bbox 705 47 916 106; x_wconf 87' lang='lat' dir='ltr'><em>MARONIS</em></span> 
     </span>
    </p>
   </div>
   <div class='ocr_carea' id='block_1_2' title="bbox 155 171 1212 3388">
    <p class='ocr_par' dir='ltr' id='par_1_2' title="bbox 168 171 1170 1054">
     <span class='ocr_line' id='line_1_2' title="bbox 173 171 890 249; baseline -0.003 -15"><span class='ocrx_word' id='word_1_5' title='bbox 173 173 324 234; x_wconf 86' lang='lat' dir='ltr'><strong>‘Praescia</strong></span> <span class='ocrx_word' id='word_1_6' title='bbox 345 173 468 246; x_wconf 85' lang='lat' dir='ltr'><strong>venturi,</strong></span> <span class='ocrx_word' id='word_1_7' title='bbox 490 175 530 233; x_wconf 87' lang='lat' dir='ltr'><strong>da</strong></span> <span class='ocrx_word' id='word_1_8' title='bbox 551 172 624 249; x_wconf 89' lang='lat' dir='ltr'><strong>(non</strong></span> <span class='ocrx_word' id='word_1_9' title='bbox 645 171 778 232; x_wconf 89' lang='lat' dir='ltr'><strong>indebita</strong></span> <span class='ocrx_word' id='word_1_10' title='bbox 797 192 890 248; x_wconf 91' lang='lat' dir='ltr'><strong>posco</strong></span> 
     </span>
     <span class='ocr_line' id='line_1_3' title="bbox 171 253 932 331; baseline -0.001 -17"><span class='ocrx_word' id='word_1_11' title='bbox 171 258 295 331; x_wconf 89' lang='lat' dir='ltr'><strong>‘Regna</strong></span> <span class='ocrx_word' id='word_1_12' title='bbox 315 254 389 314; x_wconf 90' lang='lat' dir='ltr'><strong>meis</strong></span> <span class='ocrx_word' id='word_1_13' title='bbox 408 253 486 328; x_wconf 84' lang='lat' dir='ltr'><strong>satis)</strong></span> <span class='ocrx_word' id='word_1_14' title='bbox 509 253 596 313; x_wconf 88' lang='lat' dir='ltr'><strong>Latio</strong></span> <span class='ocrx_word' id='word_1_15' title='bbox 616 253 770 313; x_wconf 90' lang='lat' dir='ltr'><strong>considere</strong></span> <span class='ocrx_word' id='word_1_16' title='bbox 790 255 932 325; x_wconf 84' lang='lat' dir='ltr'><strong>Teucros,</strong></span> 
     </span>
     <span class='ocr_line' id='line_1_4' title="bbox 171 333 946 411; baseline 0 -17"><span class='ocrx_word' id='word_1_17' title='bbox 171 339 385 411; x_wconf 83' lang='lat' dir='ltr'><strong>‘Errantesque</strong></span> <span class='ocrx_word' id='word_1_18' title='bbox 405 336 478 395; x_wconf 89' lang='lat' dir='ltr'><strong>deos</strong></span> <span class='ocrx_word' id='word_1_19' title='bbox 499 334 666 411; x_wconf 86' lang='lat' dir='ltr'><strong>agitataque</strong></span> <span class='ocrx_word' id='word_1_20' title='bbox 688 333 809 392; x_wconf 87' lang='lat' dir='ltr'><strong>numina</strong></span> <span class='ocrx_word' id='word_1_21' title='bbox 829 333 946 394; x_wconf 84' lang='lat' dir='ltr'><strong>Troiae.</strong></span> 
     </span>
     <span class='ocr_line' id='line_1_5' title="bbox 171 414 1119 492; baseline -0.003 -17"><span class='ocrx_word' id='word_1_22' title='bbox 171 419 266 475; x_wconf 92' lang='lat' dir='ltr'><strong>‘Tum</strong></span> <span class='ocrx_word' id='word_1_23' title='bbox 287 416 411 476; x_wconf 90' lang='lat' dir='ltr'>Phoebo</span> <span class='ocrx_word' id='word_1_24' title='bbox 432 425 462 475; x_wconf 88' lang='lat' dir='ltr'><strong>et</strong></span> <span class='ocrx_word' id='word_1_25' title='bbox 481 414 599 474; x_wconf 88' lang='lat' dir='ltr'><strong>Triviae</strong></span> <span class='ocrx_word' id='word_1_26' title='bbox 619 414 716 474; x_wconf 93' lang='lat' dir='ltr'><strong>solido</strong></span> <span class='ocrx_word' id='word_1_27' title='bbox 737 416 775 474; x_wconf 90' lang='lat' dir='ltr'><strong>de</strong></span> <span class='ocrx_word' id='word_1_28' title='bbox 795 434 941 474; x_wconf 88' lang='lat' dir='ltr'><strong>marmore</strong></span> <span class='ocrx_word' id='word_1_29' title='bbox 964 417 1119 492; x_wconf 89' lang='lat' dir='ltr'><strong>templum</strong></span> 
     </span>
     <span class='ocr_line' id='line_1_6' title="bbox 170 493 1170 572; baseline -0.004 -17"><span class='ocrx_word' id='word_1_30' title='bbox 170 495 354 566; x_wconf 74' lang='lat' dir='ltr'><strong>‘Instituam</strong></span> <span class='ocrx_word' id='word_1_31' title='bbox 375 497 524 572; x_wconf 86' lang='lat' dir='ltr'><strong>festosque</strong></span> <span class='ocrx_word' id='word_1_32' title='bbox 545 495 608 554; x_wconf 89' lang='lat' dir='ltr'><strong>dies</strong></span> <span class='ocrx_word' id='word_1_33' title='bbox 629 496 667 554; x_wconf 90' lang='lat' dir='ltr'><strong>de</strong></span> <span class='ocrx_word' id='word_1_34' title='bbox 688 493 810 555; x_wconf 89' lang='lat' dir='ltr'><strong>nomine</strong></span> <span class='ocrx_word' id='word_1_35' title='bbox 831 495 955 555; x_wconf 89' lang='lat' dir='ltr'><strong>Phoebi.</strong></span> <span class='ocrx_word' id='word_1_36' title='bbox 1139 515 1170 567; x_wconf 83' lang='lat'><strong>70</strong></span> 
     </span>
     <span class='ocr_line' id='line_1_7' title="bbox 171 574 1101 652; baseline 0 -18"><span class='ocrx_word' id='word_1_37' title='bbox 171 578 234 636; x_wconf 90' lang='lat' dir='ltr'><strong>‘Te</strong></span> <span class='ocrx_word' id='word_1_38' title='bbox 253 595 374 652; x_wconf 91' lang='lat' dir='ltr'><strong>quoque</strong></span> <span class='ocrx_word' id='word_1_39' title='bbox 394 595 503 652; x_wconf 89' lang='lat' dir='ltr'><strong>magna</strong></span> <span class='ocrx_word' id='word_1_40' title='bbox 523 587 645 635; x_wconf 90' lang='lat' dir='ltr'><strong>manent</strong></span> <span class='ocrx_word' id='word_1_41' title='bbox 664 574 761 651; x_wconf 89' lang='lat' dir='ltr'><strong>regnis</strong></span> <span class='ocrx_word' id='word_1_42' title='bbox 782 574 943 651; x_wconf 89' lang='lat' dir='ltr'><strong>penetralia</strong></span> <span class='ocrx_word' id='word_1_43' title='bbox 964 575 1082 636; x_wconf 88' lang='lat' dir='ltr'><strong>nostris</strong></span> <span class='ocrx_word' id='word_1_44' title='bbox 1091 599 1101 651; x_wconf 65' lang='grc' dir='ltr'><strong><em>ς</em></strong></span> 
     </span>
     <span class='ocr_line' id='line_1_8' title="bbox 170 656 951 734; baseline 0 -20"><span class='ocrx_word' id='word_1_45' title='bbox 170 656 249 715; x_wconf 91' lang='lat' dir='ltr'><strong>‘Hic</strong></span> <span class='ocrx_word' id='word_1_46' title='bbox 270 675 327 734; x_wconf 91' lang='lat' dir='ltr'><strong>ego</strong></span> <span class='ocrx_word' id='word_1_47' title='bbox 347 675 475 732; x_wconf 90' lang='lat' dir='ltr'><strong>namque</strong></span> <span class='ocrx_word' id='word_1_48' title='bbox 495 666 560 715; x_wconf 91' lang='lat' dir='ltr'><strong>tuas</strong></span> <span class='ocrx_word' id='word_1_49' title='bbox 582 669 674 716; x_wconf 88' lang='lat' dir='ltr'><strong>sortes</strong></span> <span class='ocrx_word' id='word_1_50' title='bbox 694 674 861 731; x_wconf 88' lang='lat' dir='ltr'><strong>arcanaque</strong></span> <span class='ocrx_word' id='word_1_51' title='bbox 881 658 951 730; x_wconf 85' lang='lat' dir='ltr'><strong>fata,</strong></span> 
     </span>
     <span class='ocr_line' id='line_1_9' title="bbox 169 736 949 814; baseline 0.001 -20"><span class='ocrx_word' id='word_1_52' title='bbox 169 736 277 796; x_wconf 89' lang='lat' dir='ltr'><strong>‘Dicta</strong></span> <span class='ocrx_word' id='word_1_53' title='bbox 298 755 382 796; x_wconf 88' lang='lat' dir='ltr'><strong>meae</strong></span> <span class='ocrx_word' id='word_1_54' title='bbox 402 736 491 814; x_wconf 88' lang='lat' dir='ltr'><strong>genti,</strong></span> <span class='ocrx_word' id='word_1_55' title='bbox 513 755 624 812; x_wconf 88' lang='lat' dir='ltr'><strong>ponam</strong></span> <span class='ocrx_word' id='word_1_56' title='bbox 644 737 796 812; x_wconf 90' lang='lat' dir='ltr'><strong>lectosque</strong></span> <span class='ocrx_word' id='word_1_57' title='bbox 817 739 949 809; x_wconf 87' lang='lat' dir='ltr'><strong>sacrabo,</strong></span> 
     </span>
     <span class='ocr_line' id='line_1_10' title="bbox 169 815 1012 890; baseline 0.002 -15"><span class='ocrx_word' id='word_1_58' title='bbox 169 819 283 890; x_wconf 64' lang='lat' dir='ltr'><strong>‘Alma</strong></span> <span class='ocrx_word' id='word_1_59' title='bbox 305 815 390 877; x_wconf 87' lang='lat' dir='ltr'><strong>viros.</strong></span> <span class='ocrx_word' id='word_1_60' title='bbox 435 816 524 876; x_wconf 90' lang='lat' dir='ltr'><strong>Foliis</strong></span> <span class='ocrx_word' id='word_1_61' title='bbox 545 827 660 876; x_wconf 88' lang='lat' dir='ltr'><strong>tantum</strong></span> <span class='ocrx_word' id='word_1_62' title='bbox 681 835 719 875; x_wconf 88' lang='lat' dir='ltr'><strong>ne</strong></span> <span class='ocrx_word' id='word_1_63' title='bbox 741 815 870 874; x_wconf 88' lang='lat' dir='ltr'><strong>carmina</strong></span> <span class='ocrx_word' id='word_1_64' title='bbox 890 818 1012 890; x_wconf 87' lang='lat' dir='ltr'><strong>manda,</strong></span> 
     </span>
     <span class='ocr_line' id='line_1_11' title="bbox 170 895 1163 973; baseline 0.001 -16"><span class='ocrx_word' id='word_1_65' title='bbox 170 900 232 957; x_wconf 91' lang='lat' dir='ltr'><strong>‘Ne</strong></span> <span class='ocrx_word' id='word_1_66' title='bbox 253 898 368 957; x_wconf 87' lang='lat' dir='ltr'><strong>turbata</strong></span> <span class='ocrx_word' id='word_1_67' title='bbox 387 899 487 957; x_wconf 89' lang='lat' dir='ltr'><strong>volent</strong></span> <span class='ocrx_word' id='word_1_68' title='bbox 508 895 617 973; x_wconf 81' lang='lat' dir='ltr'><strong>rapidis</strong></span> <span class='ocrx_word' id='word_1_69' title='bbox 637 895 763 956; x_wconf 88' lang='lat' dir='ltr'><strong>ludibria</strong></span> <span class='ocrx_word' id='word_1_70' title='bbox 782 897 889 958; x_wconf 90' lang='lat' dir='ltr'><strong>ventis:</strong></span> <span class='ocrx_word' id='word_1_71' title='bbox 1134 913 1163 972; x_wconf 86' lang='lat'><strong>75</strong></span> 
     </span>
     <span class='ocr_line' id='line_1_12' title="bbox 168 976 943 1054; baseline -0.001 -18"><span class='ocrx_word' id='word_1_72' title='bbox 168 981 256 1054; x_wconf 89' lang='lat' dir='ltr'><strong>‘Ipsa</strong></span> <span class='ocrx_word' id='word_1_73' title='bbox 276 997 365 1037; x_wconf 87' lang='lat' dir='ltr'><strong>canas</strong></span> <span class='ocrx_word' id='word_1_74' title='bbox 387 979 457 1038; x_wconf 90' lang='lat' dir='ltr'><strong>oro.&#39;</strong></span> <span class='ocrx_word' id='word_1_75' title='bbox 494 976 597 1038; x_wconf 87' lang='lat' dir='ltr'><strong>Finem</strong></span> <span class='ocrx_word' id='word_1_76' title='bbox 618 976 702 1037; x_wconf 89' lang='lat' dir='ltr'><strong>dedit</strong></span> <span class='ocrx_word' id='word_1_77' title='bbox 723 996 774 1036; x_wconf 91' lang='lat' dir='ltr'><strong>ore</strong></span> <span class='ocrx_word' id='word_1_78' title='bbox 794 977 943 1053; x_wconf 84' lang='lat' dir='ltr'><strong>loquendi</strong></span> 
     </span>
    </p>

    <p class='ocr_par' dir='ltr' id='par_1_3' title="bbox 159 1056 1212 2741">
     <span class='ocr_line' id='line_1_13' title="bbox 202 1056 998 1133; baseline 0 -16"><span class='ocrx_word' id='word_1_79' title='bbox 202 1061 250 1130; x_wconf 87' lang='lat' dir='ltr'><strong>At,</strong></span> <span class='ocrx_word' id='word_1_80' title='bbox 266 1057 380 1118; x_wconf 87' lang='lat' dir='ltr'><strong>Phoebi</strong></span> <span class='ocrx_word' id='word_1_81' title='bbox 401 1058 534 1117; x_wconf 92' lang='lat' dir='ltr'><strong>nondum</strong></span> <span class='ocrx_word' id='word_1_82' title='bbox 555 1056 680 1133; x_wconf 88' lang='lat' dir='ltr'><strong>patiens,</strong></span> <span class='ocrx_word' id='word_1_83' title='bbox 701 1056 840 1116; x_wconf 91' lang='lat' dir='ltr'><strong>immanis</strong></span> <span class='ocrx_word' id='word_1_84' title='bbox 860 1058 891 1116; x_wconf 89' lang='lat' dir='ltr'><strong>in</strong></span> <span class='ocrx_word' id='word_1_85' title='bbox 911 1068 998 1118; x_wconf 86' lang='lat' dir='ltr'><strong>antro</strong></span> 
     </span>
     <span class='ocr_line' id='line_1_14' title="bbox 168 1137 902 1214; baseline 0.003 -18"><span class='ocrx_word' id='word_1_86' title='bbox 168 1139 330 1197; x_wconf 80' lang='lat' dir='ltr'><strong>Bacchatur</strong></span> <span class='ocrx_word' id='word_1_87' title='bbox 350 1149 439 1211; x_wconf 88' lang='lat' dir='ltr'><strong>vates,</strong></span> <span class='ocrx_word' id='word_1_88' title='bbox 462 1157 601 1214; x_wconf 89' lang='lat' dir='ltr'><strong>magnum</strong></span> <span class='ocrx_word' id='word_1_89' title='bbox 623 1137 647 1196; x_wconf 94' lang='lat' dir='ltr'><strong>si</strong></span> <span class='ocrx_word' id='word_1_90' title='bbox 668 1148 788 1212; x_wconf 85' lang='lat' dir='ltr'><strong>pectore</strong></span> <span class='ocrx_word' id='word_1_91' title='bbox 808 1137 902 1214; x_wconf 91' lang='lat' dir='ltr'><strong>possit</strong></span> 
     </span>
     <span class='ocr_line' id='line_1_15' title="bbox 166 1217 879 1294; baseline 0 -17"><span class='ocrx_word' id='word_1_92' title='bbox 166 1218 337 1278; x_wconf 90' lang='lat' dir='ltr'><strong>Excussisse</strong></span> <span class='ocrx_word' id='word_1_93' title='bbox 358 1219 462 1278; x_wconf 89' lang='lat' dir='ltr'><strong>deum:</strong></span> <span class='ocrx_word' id='word_1_94' title='bbox 490 1229 573 1278; x_wconf 88' lang='lat' dir='ltr'><strong>tanto</strong></span> <span class='ocrx_word' id='word_1_95' title='bbox 595 1219 688 1294; x_wconf 88' lang='lat' dir='ltr'><strong>magis</strong></span> <span class='ocrx_word' id='word_1_96' title='bbox 707 1217 757 1278; x_wconf 91' lang='lat' dir='ltr'><strong>ille</strong></span> <span class='ocrx_word' id='word_1_97' title='bbox 777 1219 879 1294; x_wconf 85' lang='lat' dir='ltr'><strong>fatigat</strong></span> 
     </span>
     <span class='ocr_line' id='line_1_16' title="bbox 165 1298 1160 1375; baseline -0.007 -15"><span class='ocrx_word' id='word_1_98' title='bbox 165 1302 208 1360; x_wconf 92' lang='lat' dir='ltr'><strong>Os</strong></span> <span class='ocrx_word' id='word_1_99' title='bbox 228 1298 372 1372; x_wconf 87' lang='lat' dir='ltr'><strong>rabidum,</strong></span> <span class='ocrx_word' id='word_1_100' title='bbox 393 1300 453 1358; x_wconf 85' lang='lat' dir='ltr'><strong>sera</strong></span> <span class='ocrx_word' id='word_1_101' title='bbox 474 1299 565 1358; x_wconf 89' lang='lat' dir='ltr'><strong>corda</strong></span> <span class='ocrx_word' id='word_1_102' title='bbox 585 1299 718 1370; x_wconf 91' lang='lat' dir='ltr'><strong>domans,</strong></span> <span class='ocrx_word' id='word_1_103' title='bbox 740 1298 883 1375; x_wconf 87' lang='lat' dir='ltr'><strong>fingitque</strong></span> <span class='ocrx_word' id='word_1_104' title='bbox 903 1298 1082 1374; x_wconf 88' lang='lat' dir='ltr'><strong>premendo.</strong></span> <span class='ocrx_word' id='word_1_105' title='bbox 1128 1301 1160 1355; x_wconf 92' lang='lat'><strong>80</strong></span> 
     </span>
     <span class='ocr_line' id='line_1_17' title="bbox 165 1378 946 1456; baseline -0.006 -16"><span class='ocrx_word' id='word_1_106' title='bbox 165 1379 249 1440; x_wconf 86' lang='lat' dir='ltr'><strong>Ostia</strong></span> <span class='ocrx_word' id='word_1_107' title='bbox 269 1378 388 1456; x_wconf 87' lang='lat' dir='ltr'><strong>iamque</strong></span> <span class='ocrx_word' id='word_1_108' title='bbox 409 1380 515 1439; x_wconf 88' lang='lat' dir='ltr'><strong>domus</strong></span> <span class='ocrx_word' id='word_1_109' title='bbox 536 1389 655 1456; x_wconf 85' lang='lat' dir='ltr'><strong>patuere</strong></span> <span class='ocrx_word' id='word_1_110' title='bbox 676 1378 807 1455; x_wconf 91' lang='lat' dir='ltr'><strong>ingentia</strong></span> <span class='ocrx_word' id='word_1_111' title='bbox 827 1389 946 1439; x_wconf 90' lang='lat' dir='ltr'><strong>centum</strong></span> 
     </span>
     <span class='ocr_line' id='line_1_18' title="bbox 163 1461 975 1536; baseline -0.002 -17"><span class='ocrx_word' id='word_1_112' title='bbox 163 1462 275 1536; x_wconf 90' lang='lat' dir='ltr'><strong>Sponte</strong></span> <span class='ocrx_word' id='word_1_113' title='bbox 296 1479 349 1519; x_wconf 86' lang='lat' dir='ltr'><strong>sua</strong></span> <span class='ocrx_word' id='word_1_114' title='bbox 369 1461 502 1536; x_wconf 90' lang='lat' dir='ltr'><strong>vatisque</strong></span> <span class='ocrx_word' id='word_1_115' title='bbox 523 1461 620 1520; x_wconf 84' lang='lat' dir='ltr'><strong>ierunt</strong></span> <span class='ocrx_word' id='word_1_116' title='bbox 640 1479 783 1535; x_wconf 88' lang='lat' dir='ltr'><strong>responsa</strong></span> <span class='ocrx_word' id='word_1_117' title='bbox 802 1480 855 1536; x_wconf 87' lang='lat' dir='ltr'><strong>per</strong></span> <span class='ocrx_word' id='word_1_118' title='bbox 875 1478 975 1518; x_wconf 88' lang='lat' dir='ltr'><strong>auras:</strong></span> 
     </span>
     <span class='ocr_line' id='line_1_19' title="bbox 165 1539 915 1618; baseline -0.004 -17"><span class='ocrx_word' id='word_1_119' title='bbox 165 1542 209 1601; x_wconf 94' lang='lat' dir='ltr'><strong>‘O</strong></span> <span class='ocrx_word' id='word_1_120' title='bbox 230 1541 352 1600; x_wconf 89' lang='lat' dir='ltr'><strong>tandem</strong></span> <span class='ocrx_word' id='word_1_121' title='bbox 373 1541 487 1618; x_wconf 89' lang='lat' dir='ltr'><strong>magnis</strong></span> <span class='ocrx_word' id='word_1_122' title='bbox 507 1539 603 1617; x_wconf 86' lang='lat' dir='ltr'><strong>pelagi</strong></span> <span class='ocrx_word' id='word_1_123' title='bbox 627 1541 767 1600; x_wconf 89' lang='lat' dir='ltr'><strong>defuncte</strong></span> <span class='ocrx_word' id='word_1_124' title='bbox 791 1539 915 1617; x_wconf 88' lang='lat' dir='ltr'><strong>periclis,</strong></span> 
     </span>
     <span class='ocr_line' id='line_1_20' title="bbox 163 1619 981 1699; baseline -0.006 -17"><span class='ocrx_word' id='word_1_125' title='bbox 163 1622 253 1699; x_wconf 90' lang='lat' dir='ltr'><strong>‘(Sed</strong></span> <span class='ocrx_word' id='word_1_126' title='bbox 281 1632 374 1681; x_wconf 90' lang='lat' dir='ltr'><strong>terrae</strong></span> <span class='ocrx_word' id='word_1_127' title='bbox 398 1621 530 1698; x_wconf 88' lang='lat' dir='ltr'><strong>graviora</strong></span> <span class='ocrx_word' id='word_1_128' title='bbox 552 1621 685 1698; x_wconf 86' lang='lat' dir='ltr'><strong>manent)</strong></span> <span class='ocrx_word' id='word_1_129' title='bbox 709 1621 739 1679; x_wconf 92' lang='lat' dir='ltr'><strong>in</strong></span> <span class='ocrx_word' id='word_1_130' title='bbox 763 1640 853 1697; x_wconf 88' lang='lat' dir='ltr'><strong>regna</strong></span> <span class='ocrx_word' id='word_1_131' title='bbox 876 1619 981 1679; x_wconf 90' lang='lat' dir='ltr'><strong>Lavini</strong></span> 
     </span>
     <span class='ocr_line' id='line_1_21' title="bbox 163 1701 1154 1778; baseline -0.005 -16"><span class='ocrx_word' id='word_1_132' title='bbox 163 1702 369 1762; x_wconf 86' lang='lat' dir='ltr'><strong>‘Dardanidae</strong></span> <span class='ocrx_word' id='word_1_133' title='bbox 393 1701 521 1774; x_wconf 89' lang='lat' dir='ltr'><strong>venient,</strong></span> <span class='ocrx_word' id='word_1_134' title='bbox 543 1701 628 1762; x_wconf 88' lang='lat' dir='ltr'><strong>mitte</strong></span> <span class='ocrx_word' id='word_1_135' title='bbox 652 1702 730 1760; x_wconf 91' lang='lat' dir='ltr'><strong>hanc</strong></span> <span class='ocrx_word' id='word_1_136' title='bbox 753 1702 792 1761; x_wconf 92' lang='lat' dir='ltr'><strong>de</strong></span> <span class='ocrx_word' id='word_1_137' title='bbox 812 1712 932 1778; x_wconf 91' lang='lat' dir='ltr'><strong>pectore</strong></span> <span class='ocrx_word' id='word_1_138' title='bbox 956 1719 1071 1773; x_wconf 89' lang='lat' dir='ltr'><strong>curam,</strong></span> <span class='ocrx_word' id='word_1_139' title='bbox 1121 1703 1154 1776; x_wconf 80' lang='lat'><strong>85</strong></span> 
     </span>
     <span class='ocr_line' id='line_1_22' title="bbox 163 1781 1037 1854; baseline -0.005 -11"><span class='ocrx_word' id='word_1_140' title='bbox 163 1784 240 1843; x_wconf 90' lang='lat' dir='ltr'><strong>‘Sed</strong></span> <span class='ocrx_word' id='word_1_141' title='bbox 264 1802 326 1842; x_wconf 89' lang='lat' dir='ltr'><strong>non</strong></span> <span class='ocrx_word' id='word_1_142' title='bbox 350 1793 380 1843; x_wconf 91' lang='lat' dir='ltr'><strong>et</strong></span> <span class='ocrx_word' id='word_1_143' title='bbox 400 1782 517 1842; x_wconf 89' lang='lat' dir='ltr'><strong>venisse</strong></span> <span class='ocrx_word' id='word_1_144' title='bbox 538 1783 647 1842; x_wconf 83' lang='lat' dir='ltr'><strong>volent</strong></span> <span class='ocrx_word' id='word_1_145' title='bbox 692 1782 786 1854; x_wconf 89' lang='lat' dir='ltr'><strong>Bella,</strong></span> <span class='ocrx_word' id='word_1_146' title='bbox 809 1781 927 1841; x_wconf 89' lang='lat' dir='ltr'><strong>horrida</strong></span> <span class='ocrx_word' id='word_1_147' title='bbox 947 1782 1037 1852; x_wconf 84' lang='lat' dir='ltr'><strong>bella,</strong></span> 
     </span>
     <span class='ocr_line' id='line_1_23' title="bbox 163 1861 994 1939; baseline -0.003 -17"><span class='ocrx_word' id='word_1_148' title='bbox 163 1865 220 1922; x_wconf 88' lang='lat' dir='ltr'><strong>‘Et</strong></span> <span class='ocrx_word' id='word_1_149' title='bbox 241 1861 384 1938; x_wconf 90' lang='lat' dir='ltr'><strong>Thybrim</strong></span> <span class='ocrx_word' id='word_1_150' title='bbox 408 1864 502 1922; x_wconf 89' lang='lat' dir='ltr'><strong>multo</strong></span> <span class='ocrx_word' id='word_1_151' title='bbox 525 1872 710 1938; x_wconf 89' lang='lat' dir='ltr'><strong>spumantem</strong></span> <span class='ocrx_word' id='word_1_152' title='bbox 732 1862 875 1939; x_wconf 90' lang='lat' dir='ltr'><strong>sanguine</strong></span> <span class='ocrx_word' id='word_1_153' title='bbox 896 1879 994 1920; x_wconf 91' lang='lat' dir='ltr'><strong>cerno.</strong></span> 
     </span>
     <span class='ocr_line' id='line_1_24' title="bbox 162 1942 1212 2003; baseline -0.004 0"><span class='ocrx_word' id='word_1_154' title='bbox 162 1945 249 2003; x_wconf 93' lang='lat' dir='ltr'><strong>‘Non</strong></span> <span class='ocrx_word' id='word_1_155' title='bbox 272 1943 379 2003; x_wconf 91' lang='lat' dir='ltr'><strong>Simois</strong></span> <span class='ocrx_word' id='word_1_156' title='bbox 400 1942 454 2002; x_wconf 91' lang='lat' dir='ltr'><strong>tibi</strong></span> <span class='ocrx_word' id='word_1_157' title='bbox 478 1961 535 2002; x_wconf 93' lang='lat' dir='ltr'><strong>nec</strong></span> <span class='ocrx_word' id='word_1_158' title='bbox 559 1944 695 2002; x_wconf 89' lang='lat' dir='ltr'><strong>Xanthus</strong></span> <span class='ocrx_word' id='word_1_159' title='bbox 719 1961 776 2002; x_wconf 89' lang='lat' dir='ltr'><strong>nec</strong></span> <span class='ocrx_word' id='word_1_160' title='bbox 801 1942 910 2002; x_wconf 88' lang='lat' dir='ltr'><strong>Dorica</strong></span> <span class='ocrx_word' id='word_1_161' title='bbox 931 1952 1029 2000; x_wconf 89' lang='lat' dir='ltr'><strong>castra</strong></span> <span class='ocrx_word' id='word_1_162' title='bbox 1211 1949 1212 1954; x_wconf 77' lang='grc'>’</span> 
     </span>
     <span class='ocr_line' id='line_1_25' title="bbox 161 2022 1212 2100; baseline -0.003 -18"><span class='ocrx_word' id='word_1_163' title='bbox 161 2023 351 2084; x_wconf 77' lang='lat' dir='ltr'><strong>‘Defuerint2</strong></span> <span class='ocrx_word' id='word_1_164' title='bbox 382 2022 456 2082; x_wconf 89' lang='lat' dir='ltr'><strong>alius</strong></span> <span class='ocrx_word' id='word_1_165' title='bbox 481 2022 568 2082; x_wconf 87' lang='lat' dir='ltr'><strong>Latio</strong></span> <span class='ocrx_word' id='word_1_166' title='bbox 590 2023 650 2082; x_wconf 89' lang='lat' dir='ltr'><strong>iam</strong></span> <span class='ocrx_word' id='word_1_167' title='bbox 671 2032 772 2099; x_wconf 89' lang='lat' dir='ltr'><strong>partus</strong></span> <span class='ocrx_word' id='word_1_168' title='bbox 796 2022 935 2094; x_wconf 88' lang='lat' dir='ltr'><strong>Achilles,</strong></span> <span class='ocrx_word' id='word_1_169' title='bbox 1211 2089 1212 2100; x_wconf 16' lang='grc' dir='ltr'><strong>ἶ</strong></span> 
     </span>
     <span class='ocr_line' id='line_1_26' title="bbox 161 2101 1212 2180; baseline -0.002 -18"><span class='ocrx_word' id='word_1_170' title='bbox 161 2106 274 2163; x_wconf 88' lang='lat' dir='ltr'><strong>‘Natus</strong></span> <span class='ocrx_word' id='word_1_171' title='bbox 299 2102 413 2180; x_wconf 89' lang='lat' dir='ltr'><strong>etipse</strong></span> <span class='ocrx_word' id='word_1_172' title='bbox 436 2104 505 2163; x_wconf 88' lang='lat' dir='ltr'><strong>dea:</strong></span> <span class='ocrx_word' id='word_1_173' title='bbox 533 2122 589 2163; x_wconf 91' lang='lat' dir='ltr'><strong>nec</strong></span> <span class='ocrx_word' id='word_1_174' title='bbox 609 2103 731 2163; x_wconf 90' lang='lat' dir='ltr'><strong>Teucris</strong></span> <span class='ocrx_word' id='word_1_175' title='bbox 752 2103 854 2162; x_wconf 89' lang='lat' dir='ltr'><strong>addita</strong></span> <span class='ocrx_word' id='word_1_176' title='bbox 875 2104 953 2162; x_wconf 89' lang='lat' dir='ltr'><strong>Iuno</strong></span> <span class='ocrx_word' id='word_1_177' title='bbox 979 2119 981 2127; x_wconf 42' lang='lat'><em>⁸</em></span> <span class='ocrx_word' id='word_1_178' title='bbox 1118 2123 1151 2177; x_wconf 89' lang='lat'><strong>90</strong></span> <span class='ocrx_word' id='word_1_179' title='bbox 1211 2101 1212 2176; x_wconf 76' lang='lat' dir='ltr'><strong>l</strong></span> 
     </span>
     <span class='ocr_line' id='line_1_27' title="bbox 160 2177 1212 2268; baseline -0.002 -24"><span class='ocrx_word' id='word_1_180' title='bbox 160 2186 314 2260; x_wconf 91' lang='lat' dir='ltr'><strong>‘Usquam</strong></span> <span class='ocrx_word' id='word_1_181' title='bbox 337 2183 449 2258; x_wconf 86' lang='lat' dir='ltr'><strong>aberit;</strong></span> <span class='ocrx_word' id='word_1_182' title='bbox 477 2203 545 2242; x_wconf 90' lang='lat' dir='ltr'><strong>cum</strong></span> <span class='ocrx_word' id='word_1_183' title='bbox 566 2195 598 2243; x_wconf 94' lang='lat' dir='ltr'><strong>tu</strong></span> <span class='ocrx_word' id='word_1_184' title='bbox 619 2186 744 2260; x_wconf 87' lang='lat' dir='ltr'><strong>supplex</strong></span> <span class='ocrx_word' id='word_1_185' title='bbox 764 2183 795 2242; x_wconf 91' lang='lat' dir='ltr'><strong>in</strong></span> <span class='ocrx_word' id='word_1_186' title='bbox 815 2185 902 2244; x_wconf 90' lang='lat' dir='ltr'><strong>rebus</strong></span> <span class='ocrx_word' id='word_1_187' title='bbox 923 2183 1024 2259; x_wconf 84' lang='lat' dir='ltr'><strong>egenis</strong></span> <span class='ocrx_word' id='word_1_188' title='bbox 1211 2177 1212 2268; x_wconf 69' lang='lat' dir='ltr'><strong>l</strong></span> 
     </span>
     <span class='ocr_line' id='line_1_28' title="bbox 160 2262 1036 2340; baseline 0 -18"><span class='ocrx_word' id='word_1_189' title='bbox 160 2265 260 2338; x_wconf 84' lang='lat' dir='ltr'><strong>‘Quas</strong></span> <span class='ocrx_word' id='word_1_190' title='bbox 281 2274 384 2340; x_wconf 85' lang='lat' dir='ltr'><strong>gentes</strong></span> <span class='ocrx_word' id='word_1_191' title='bbox 406 2265 514 2324; x_wconf 84' lang='lat' dir='ltr'><strong>Italum</strong></span> <span class='ocrx_word' id='word_1_192' title='bbox 535 2274 586 2324; x_wconf 88' lang='lat' dir='ltr'><strong>aut</strong></span> <span class='ocrx_word' id='word_1_193' title='bbox 607 2283 680 2340; x_wconf 88' lang='lat' dir='ltr'><strong>quas</strong></span> <span class='ocrx_word' id='word_1_194' title='bbox 701 2283 762 2324; x_wconf 90' lang='lat' dir='ltr'><strong>non</strong></span> <span class='ocrx_word' id='word_1_195' title='bbox 783 2262 909 2324; x_wconf 88' lang='lat' dir='ltr'><strong>oraveris</strong></span> <span class='ocrx_word' id='word_1_196' title='bbox 929 2264 1036 2322; x_wconf 84' lang='lat' dir='ltr'><strong>urbes!</strong></span> 
     </span>
     <span class='ocr_line' id='line_1_29' title="bbox 160 2343 1023 2422; baseline -0.003 -17"><span class='ocrx_word' id='word_1_197' title='bbox 160 2346 275 2405; x_wconf 88' lang='lat' dir='ltr'><strong>‘Causa</strong></span> <span class='ocrx_word' id='word_1_198' title='bbox 295 2344 364 2403; x_wconf 89' lang='lat' dir='ltr'><strong>mali</strong></span> <span class='ocrx_word' id='word_1_199' title='bbox 385 2344 459 2404; x_wconf 90' lang='lat' dir='ltr'><strong>tanti</strong></span> <span class='ocrx_word' id='word_1_200' title='bbox 479 2343 610 2403; x_wconf 85' lang='lat' dir='ltr'><strong>coniunx</strong></span> <span class='ocrx_word' id='word_1_201' title='bbox 629 2344 734 2404; x_wconf 89' lang='lat' dir='ltr'><strong>itemm</strong></span> <span class='ocrx_word' id='word_1_202' title='bbox 755 2344 873 2422; x_wconf 88' lang='lat' dir='ltr'><strong>hospita</strong></span> <span class='ocrx_word' id='word_1_203' title='bbox 891 2343 1023 2415; x_wconf 77' lang='lat' dir='ltr'><strong>TeucriS,</strong></span> 
     </span>
     <span class='ocr_line' id='line_1_30' title="bbox 160 2423 631 2500; baseline -0.002 -16"><span class='ocrx_word' id='word_1_204' title='bbox 160 2424 356 2500; x_wconf 86' lang='lat' dir='ltr'><strong>‘Extemique</strong></span> <span class='ocrx_word' id='word_1_205' title='bbox 376 2423 483 2483; x_wconf 91' lang='lat' dir='ltr'><strong>iterum</strong></span> <span class='ocrx_word' id='word_1_206' title='bbox 504 2423 631 2484; x_wconf 86' lang='lat' dir='ltr'><strong>thalami.</strong></span> 
     </span>
     <span class='ocr_line' id='line_1_31' title="bbox 159 2503 1144 2581; baseline -0.002 -18"><span class='ocrx_word' id='word_1_207' title='bbox 159 2507 222 2563; x_wconf 90' lang='lat' dir='ltr'><strong>‘Tu</strong></span> <span class='ocrx_word' id='word_1_208' title='bbox 243 2524 282 2565; x_wconf 87' lang='lat' dir='ltr'><strong>ne</strong></span> <span class='ocrx_word' id='word_1_209' title='bbox 302 2505 377 2565; x_wconf 90' lang='lat' dir='ltr'><strong>cede</strong></span> <span class='ocrx_word' id='word_1_210' title='bbox 397 2505 490 2577; x_wconf 87' lang='lat' dir='ltr'><strong>malis,</strong></span> <span class='ocrx_word' id='word_1_211' title='bbox 513 2505 565 2564; x_wconf 92' lang='lat' dir='ltr'><strong>sed</strong></span> <span class='ocrx_word' id='word_1_212' title='bbox 586 2515 690 2564; x_wconf 88' lang='lat' dir='ltr'><strong>contra</strong></span> <span class='ocrx_word' id='word_1_213' title='bbox 709 2503 866 2565; x_wconf 89' lang='lat' dir='ltr'><strong>audentior</strong></span> <span class='ocrx_word' id='word_1_214' title='bbox 885 2504 935 2576; x_wconf 87' lang='lat' dir='ltr'><strong>ito,</strong></span> <span class='ocrx_word' id='word_1_215' title='bbox 1113 2521 1144 2581; x_wconf 86' lang='lat'><strong>95</strong></span> 
     </span>
     <span class='ocr_line' id='line_1_32' title="bbox 159 2583 993 2661; baseline -0.002 -18"><span class='ocrx_word' id='word_1_216' title='bbox 159 2586 275 2660; x_wconf 90' lang='lat' dir='ltr'><strong>‘Quam</strong></span> <span class='ocrx_word' id='word_1_217' title='bbox 295 2595 347 2644; x_wconf 90' lang='lat' dir='ltr'><strong>tua</strong></span> <span class='ocrx_word' id='word_1_218' title='bbox 367 2595 397 2644; x_wconf 92' lang='lat' dir='ltr'><strong>te</strong></span> <span class='ocrx_word' id='word_1_219' title='bbox 419 2587 549 2644; x_wconf 89' lang='lat' dir='ltr'><strong>Fortuna</strong></span> <span class='ocrx_word' id='word_1_220' title='bbox 569 2583 652 2644; x_wconf 93' lang='lat' dir='ltr'><strong>sinet.</strong></span> <span class='ocrx_word' id='word_1_221' title='bbox 695 2585 753 2644; x_wconf 89' lang='lat' dir='ltr'><strong>Via</strong></span> <span class='ocrx_word' id='word_1_222' title='bbox 772 2586 867 2661; x_wconf 90' lang='lat' dir='ltr'><strong>prima</strong></span> <span class='ocrx_word' id='word_1_223' title='bbox 887 2585 993 2656; x_wconf 89' lang='lat' dir='ltr'><strong>salutis,</strong></span> 
     </span>
     <span class='ocr_line' id='line_1_33' title="bbox 159 2664 943 2741; baseline 0 -17"><span class='ocrx_word' id='word_1_224' title='bbox 159 2667 266 2741; x_wconf 87' lang='lat' dir='ltr'><strong>‘Quod</strong></span> <span class='ocrx_word' id='word_1_225' title='bbox 287 2664 409 2726; x_wconf 89' lang='lat' dir='ltr'><strong>minime</strong></span> <span class='ocrx_word' id='word_1_226' title='bbox 429 2664 507 2738; x_wconf 85' lang='lat' dir='ltr'><strong>reris,</strong></span> <span class='ocrx_word' id='word_1_227' title='bbox 531 2665 620 2725; x_wconf 88' lang='lat' dir='ltr'><strong>Graia</strong></span> <span class='ocrx_word' id='word_1_228' title='bbox 639 2667 785 2741; x_wconf 88' lang='lat' dir='ltr'><strong>pandetur</strong></span> <span class='ocrx_word' id='word_1_229' title='bbox 805 2666 843 2724; x_wconf 84' lang='lat' dir='ltr'><strong>ab</strong></span> <span class='ocrx_word' id='word_1_230' title='bbox 864 2667 943 2724; x_wconf 80' lang='lat' dir='ltr'><strong>urbe</strong></span> 
     </span>
    </p>

    <p class='ocr_par' dir='ltr' id='par_1_4' title="bbox 155 2744 1212 3388">
     <span class='ocr_line' id='line_1_34' title="bbox 196 2744 874 2824; baseline -0.003 -18"><span class='ocrx_word' id='word_1_231' title='bbox 196 2746 318 2807; x_wconf 88' lang='lat' dir='ltr'><strong>Talibus</strong></span> <span class='ocrx_word' id='word_1_232' title='bbox 339 2766 375 2806; x_wconf 81' lang='lat' dir='ltr'><strong>ex</strong></span> <span class='ocrx_word' id='word_1_233' title='bbox 395 2747 485 2824; x_wconf 91' lang='lat' dir='ltr'><strong>adyto</strong></span> <span class='ocrx_word' id='word_1_234' title='bbox 506 2744 592 2805; x_wconf 92' lang='lat' dir='ltr'><strong>dictis</strong></span> <span class='ocrx_word' id='word_1_235' title='bbox 613 2746 745 2806; x_wconf 89' lang='lat' dir='ltr'><strong>Cumaea</strong></span> <span class='ocrx_word' id='word_1_236' title='bbox 764 2745 874 2822; x_wconf 90' lang='lat' dir='ltr'><strong>Sibylla</strong></span> 
     </span>
     <span class='ocr_line' id='line_1_35' title="bbox 157 2825 1212 2904; baseline -0.002 -18"><span class='ocrx_word' id='word_1_237' title='bbox 157 2829 330 2886; x_wconf 91' lang='lat' dir='ltr'><strong>Horrendas</strong></span> <span class='ocrx_word' id='word_1_238' title='bbox 351 2826 430 2887; x_wconf 88' lang='lat' dir='ltr'><strong>canit</strong></span> <span class='ocrx_word' id='word_1_239' title='bbox 450 2827 589 2902; x_wconf 87' lang='lat' dir='ltr'><strong>ambages</strong></span> <span class='ocrx_word' id='word_1_240' title='bbox 610 2836 754 2902; x_wconf 90' lang='lat' dir='ltr'><strong>antroque</strong></span> <span class='ocrx_word' id='word_1_241' title='bbox 774 2825 906 2902; x_wconf 87' lang='lat' dir='ltr'><strong>remugit,</strong></span> <span class='ocrx_word' id='word_1_242' title='bbox 1211 2893 1212 2904; x_wconf 11' lang='grc' dir='ltr'>χ</span> 
     </span>
     <span class='ocr_line' id='line_1_36' title="bbox 156 2905 1212 2979; baseline -0.004 -11"><span class='ocrx_word' id='word_1_243' title='bbox 156 2907 296 2968; x_wconf 90' lang='lat' dir='ltr'><strong>Obscuris</strong></span> <span class='ocrx_word' id='word_1_244' title='bbox 316 2927 385 2968; x_wconf 87' lang='lat' dir='ltr'><strong>vera</strong></span> <span class='ocrx_word' id='word_1_245' title='bbox 403 2906 556 2968; x_wconf 88' lang='lat' dir='ltr'><strong>involvens</strong></span> <span class='ocrx_word' id='word_1_246' title='bbox 562 2926 571 2979; x_wconf 89' lang='lat'>;</span> <span class='ocrx_word' id='word_1_247' title='bbox 598 2925 634 2965; x_wconf 91' lang='lat' dir='ltr'><strong>ea</strong></span> <span class='ocrx_word' id='word_1_248' title='bbox 652 2905 860 2966; x_wconf 85' lang='lat' dir='ltr'><strong>frena-furenti</strong></span> <span class='ocrx_word' id='word_1_249' title='bbox 1094 2927 1142 2965; x_wconf 89' lang='lat'><strong>100</strong></span> <span class='ocrx_word' id='word_1_250' title='bbox 1211 2907 1212 2930; x_wconf 66' lang='lat'><strong>³</strong></span> 
     </span>
     <span class='ocr_line' id='line_1_37' title="bbox 156 2985 959 3062; baseline -0.005 -14"><span class='ocrx_word' id='word_1_251' title='bbox 156 2987 296 3048; x_wconf 89' lang='lat' dir='ltr'><strong>Concutit</strong></span> <span class='ocrx_word' id='word_1_252' title='bbox 318 2998 347 3047; x_wconf 90' lang='lat' dir='ltr'><strong>et</strong></span> <span class='ocrx_word' id='word_1_253' title='bbox 368 2987 501 3048; x_wconf 90' lang='lat' dir='ltr'><strong>stimulos</strong></span> <span class='ocrx_word' id='word_1_254' title='bbox 523 2988 578 3047; x_wconf 92' lang='lat' dir='ltr'><strong>sub</strong></span> <span class='ocrx_word' id='word_1_255' title='bbox 598 2997 717 3062; x_wconf 88' lang='lat' dir='ltr'><strong>pectore</strong></span> <span class='ocrx_word' id='word_1_256' title='bbox 738 2985 823 3046; x_wconf 90' lang='lat' dir='ltr'><strong>vertit</strong></span> <span class='ocrx_word' id='word_1_257' title='bbox 843 2987 959 3062; x_wconf 89' lang='lat' dir='ltr'><strong>Apollo.</strong></span> 
     </span>
     <span class='ocr_line' id='line_1_38' title="bbox 156 3066 971 3143; baseline -0.004 -16"><span class='ocrx_word' id='word_1_258' title='bbox 156 3069 199 3127; x_wconf 92' lang='lat' dir='ltr'><strong>Ut</strong></span> <span class='ocrx_word' id='word_1_259' title='bbox 219 3067 347 3143; x_wconf 85' lang='lat' dir='ltr'><strong>primurn</strong></span> <span class='ocrx_word' id='word_1_260' title='bbox 367 3067 455 3127; x_wconf 89' lang='lat' dir='ltr'><strong>cessit</strong></span> <span class='ocrx_word' id='word_1_261' title='bbox 474 3069 560 3141; x_wconf 85' lang='lat' dir='ltr'><strong>furor,</strong></span> <span class='ocrx_word' id='word_1_262' title='bbox 583 3078 612 3126; x_wconf 92' lang='lat' dir='ltr'><strong>et</strong></span> <span class='ocrx_word' id='word_1_263' title='bbox 633 3066 735 3126; x_wconf 88' lang='lat' dir='ltr'><strong>rabida</strong></span> <span class='ocrx_word' id='word_1_264' title='bbox 755 3086 807 3125; x_wconf 89' lang='lat' dir='ltr'><strong>ora</strong></span> <span class='ocrx_word' id='word_1_265' title='bbox 827 3066 971 3143; x_wconf 83' lang='lat' dir='ltr'><strong>quiemnt,</strong></span> 
     </span>
     <span class='ocr_line' id='line_1_39' title="bbox 155 3146 883 3223; baseline 0.001 -18"><span class='ocrx_word' id='word_1_266' title='bbox 155 3146 264 3223; x_wconf 89' lang='lat' dir='ltr'><strong>Incipit</strong></span> <span class='ocrx_word' id='word_1_267' title='bbox 284 3150 401 3206; x_wconf 89' lang='lat' dir='ltr'><strong>Aeneas</strong></span> <span class='ocrx_word' id='word_1_268' title='bbox 421 3146 521 3206; x_wconf 88' lang='lat' dir='ltr'><strong>heros:</strong></span> <span class='ocrx_word' id='word_1_269' title='bbox 549 3150 638 3206; x_wconf 90' lang='lat' dir='ltr'><strong>‘Non</strong></span> <span class='ocrx_word' id='word_1_270' title='bbox 659 3148 719 3206; x_wconf 86' lang='lat' dir='ltr'><strong>ulla</strong></span> <span class='ocrx_word' id='word_1_271' title='bbox 739 3148 883 3220; x_wconf 89' lang='lat' dir='ltr'><strong>laborum,</strong></span> 
     </span>
     <span class='ocr_line' id='line_1_40' title="bbox 157 3225 890 3302; baseline -0.003 -14"><span class='ocrx_word' id='word_1_272' title='bbox 157 3229 203 3288; x_wconf 91' lang='lat' dir='ltr'><strong>‘O</strong></span> <span class='ocrx_word' id='word_1_273' title='bbox 224 3227 313 3302; x_wconf 88' lang='lat' dir='ltr'><strong>virgo,</strong></span> <span class='ocrx_word' id='word_1_274' title='bbox 336 3245 413 3284; x_wconf 88' lang='lat' dir='ltr'><strong>nova</strong></span> <span class='ocrx_word' id='word_1_275' title='bbox 433 3225 474 3283; x_wconf 90' lang='lat' dir='ltr'><strong>mi</strong></span> <span class='ocrx_word' id='word_1_276' title='bbox 494 3226 583 3286; x_wconf 87' lang='lat' dir='ltr'><strong>facies</strong></span> <span class='ocrx_word' id='word_1_277' title='bbox 603 3225 761 3301; x_wconf 92' lang='lat' dir='ltr'><strong>inopinave</strong></span> <span class='ocrx_word' id='word_1_278' title='bbox 782 3226 890 3302; x_wconf 83' lang='lat' dir='ltr'><strong>surgit3</strong></span> 
     </span>
     <span class='ocr_line' id='line_1_41' title="bbox 157 3303 1135 3388; baseline 0.004 -25"><span class='ocrx_word' id='word_1_279' title='bbox 157 3304 283 3364; x_wconf 88' lang='lat' dir='ltr'><strong>‘Omnia</strong></span> <span class='ocrx_word' id='word_1_280' title='bbox 303 3303 439 3380; x_wconf 88' lang='lat' dir='ltr'><strong>praecepi</strong></span> <span class='ocrx_word' id='word_1_281' title='bbox 459 3313 548 3378; x_wconf 90' lang='lat' dir='ltr'><strong>atque</strong></span> <span class='ocrx_word' id='word_1_282' title='bbox 569 3304 668 3363; x_wconf 89' lang='lat' dir='ltr'><strong>animo</strong></span> <span class='ocrx_word' id='word_1_283' title='bbox 690 3323 806 3366; x_wconf 87' lang='lat' dir='ltr'><strong>mecum</strong></span> <span class='ocrx_word' id='word_1_284' title='bbox 827 3317 897 3366; x_wconf 88' lang='lat' dir='ltr'><strong>ante</strong></span> <span class='ocrx_word' id='word_1_285' title='bbox 917 3305 1024 3386; x_wconf 86' lang='lat' dir='ltr'><strong>peregi.</strong></span> <span class='ocrx_word' id='word_1_286' title='bbox 1090 3326 1135 3388; x_wconf 82' lang='lat'><strong>¹05</strong></span> 
     </span>
    </p>
   </div>
   <div class='ocr_carea' id='block_1_3' title="bbox 0 0 1236 3678">
    <p class='ocr_par' dir='ltr' id='par_1_5' title="bbox 0 0 1236 3678">
     <span class='ocr_line' id='line_1_42' title="bbox 0 0 1236 3678; baseline 0 6"><span class='ocrx_word' id='word_1_287' title='bbox 0 0 1236 3678; x_wconf 95' lang='lat' dir='ltr'><strong> </strong></span> 
     </span>
    </p>
   </div>
  </div>
 </body>
</html>
