2468 3692
141 97 201 156 390
391 79 428 136 Ρ.
461 77 653 136 VERGILI
672 74 885 134 MARONIS

145 209 231 266 lllum
253 205 445 282 exspirantem
468 205 538 264 socii
562 215 650 279 atque
672 213 801 261 extrema
822 209 991 275 gementem
1062 199 1119 272 365

144 285 237 346 Obliti
257 285 357 360 ignoto
382 301 550 358 camporum
573 283 604 339 in
626 283 744 356 pulvere
768 279 920 354 linquunt3

144 363 219 438 Opis
239 363 277 422 ad
300 361 457 420 aetherium
481 359 585 434 pennis
607 360 735 417 aufertur
761 359 927 430 Olympum

184 440 281 498 Prima
300 439 379 514 sugit,
402 437 520 496 domina
541 437 655 504 amissa,
677 435 749 494 levis
770 437 818 492 ala
837 433 980 493 Camillae
991 453 1001 504 ς

143 517 265 576 Turbati
286 517 398 592 tirgiunt
418 515 536 586 Rutuli3
558 515 630 588 sugit
649 533 716 571 acer
735 512 857 583 Atinas3

145 593 325 669 Disiectique
344 595 434 652 duces
453 591 632 666 desolatique
652 589 773 664 manipli
1061 588 1121 657 870

145 674 222 730 Tuta
242 680 353 746 petunt,
375 683 403 729 et
424 670 506 744 equis
525 668 618 727 aversi
638 670 675 726 ad
696 667 814 726 moenia
831 665 964 724 tendunt.

146 751 211 807 Nec
230 751 381 824 quisquam
401 747 542 805 instantes
561 749 691 804 Teucros
711 747 859 818 letumque
878 745 1004 800 serentes

146 829 311 886 Sustentare
330 827 407 884 valet
426 825 500 894 telis,
520 835 571 881 aut
591 823 691 880 sistere
710 833 831 881 contra:

146 905 203 963 Sed
226 905 305 962 laxos
325 904 450 961 referunt
478 899 585 959 umeris
614 900 818 974 languentibus
838 917 938 968 arcus,

147 982 432 1056 Quadrupedumque
444 990 558 1052 putrem
572 997 655 1034 cursu
670 978 763 1050 quatit
776 979 884 1051 ungula
896 993 1040 1049 campum
1061 976 1117 1046 875

146 1058 278 1117 Volvitur
298 1060 336 1118 ad
355 1075 453 1115 muros
472 1055 595 1129 caligine
615 1056 746 1114 turbidus
765 1067 828 1112 atra

148 1136 253 1206 Pulvis,
274 1146 303 1194 et
323 1154 340 1193 e
360 1133 485 1208 speculis
503 1150 656 1206 percussae
676 1144 796 1206 pectora
815 1143 922 1190 matres

148 1213 316 1272 Femineum
336 1214 492 1270 clamorem
512 1211 550 1267 ad
570 1211 643 1267 caeli
664 1209 759 1268 sidera
780 1211 893 1267 tollunt.

147 1289 206 1364 Qui
225 1309 309 1348 cursu
329 1301 426 1364 portas
446 1287 529 1362 primi
550 1287 682 1360 inrupere
702 1297 843 1361 patentes,

148 1370 215 1426 Hos
233 1366 349 1425 inimica
367 1385 452 1440 super
471 1365 561 1423 mixto
582 1364 686 1438 premit
705 1365 821 1438 agmine
841 1365 943 1434 turba;
1060 1363 1116 1419 880

148 1447 212 1503 Nec
232 1444 365 1503 miseram
385 1443 524 1516 effugiunt
543 1452 675 1508 mortem,
697 1443 749 1500 sed
769 1441 868 1500 limine
889 1442 919 1498 in
939 1440 1012 1515 ipso,

148 1521 305 1581 Moenibus
326 1522 356 1579 in
376 1520 481 1596 patriis,
502 1531 589 1594 atque
611 1519 685 1596 inter
705 1530 768 1577 tuta
787 1520 951 1588 domorum,

149 1598 263 1660 Coufixi
284 1600 428 1673 exspirant
447 1599 566 1655 animas.
608 1599 678 1654 Pars
698 1596 834 1655 claudere
853 1607 951 1671 portas
960 1616 970 1666 3

148 1679 213 1736 Nec
233 1676 319 1736 sociis
339 1675 448 1750 aperire
467 1676 552 1745 viam,
572 1693 628 1732 nec
648 1675 802 1732 moenibus
822 1675 931 1733 audent

148 1754 289 1828 Accipere
309 1765 424 1812 orantes
433 1775 442 1826 3
462 1752 608 1826 oriturque
628 1751 787 1810 miserrima
807 1755 912 1811 caedes
1059 1752 1111 1823 885
1217 1733 1218 1789 3

149 1833 365 1892 Defendentum
385 1830 471 1889 armis
490 1830 594 1898 aditus,
615 1829 705 1904 inque
724 1849 804 1887 arma
823 1840 965 1887 ruentum.

149 1909 265 1968 Exclusi
286 1921 353 1968 ante
374 1910 475 1967 oculos
496 1908 755 1981 lacrimantumque
776 1927 828 1966 ora
848 1918 1000 1982 parentum

149 1990 218 2046 Pars
240 1985 270 2044 in
291 1985 462 2062 praecipites
484 1985 583 2054 fossas,
607 1995 747 2058 urguente
768 1985 858 2055 ruina,

147 2062 297 2138 Volvitur;
317 2062 443 2121 inmissis
462 2081 528 2136 pars
550 2081 637 2119 caeca
658 2075 687 2120 et
708 2064 824 2120 concita
845 2061 932 2119 frenis

147 2141 258 2199 Arietat
278 2141 308 2198 in
328 2153 425 2215 portas
446 2152 475 2198 et
495 2141 582 2198 duros
603 2139 689 2197 obice
719 2150 825 2213 postes.
1059 2140 1114 2210 890

148 2221 234 2292 Ipsae
254 2217 292 2276 de
312 2218 398 2275 muris
419 2236 533 2275 summo
554 2217 711 2274 certamine
732 2227 878 2275 matres—

148 2296 293 2354 Monstrat
313 2313 394 2354 amor
413 2313 496 2352 verus
516 2295 697 2367 patriae—ut
717 2294 815 2353 videre
836 2293 998 2363 Camillam

147 2373 220 2430 Tela
239 2389 327 2428 manu
346 2373 474 2446 trepidae
494 2371 603 2429 iaciunt
612 2391 621 2442 3
640 2390 676 2428 ac
696 2373 800 2430 robore
821 2373 895 2430 duro

147 2447 296 2522 Stipitibus
317 2451 420 2507 sermm
441 2449 617 2523 sudibusque
638 2448 786 2507 imitantur
804 2449 917 2508 obustis

147 2523 330 2598 Praecipites,
352 2527 518 2600 primaeque
539 2526 610 2584 mori
632 2544 684 2599 pro
705 2527 858 2586 moenibus
877 2528 987 2585 ardent
1060 2531 1110 2601 895
1211 2581 1217 2594 ,

186 2605 300 2660 Interea
320 2606 449 2661 Turnum
470 2605 499 2659 in
520 2605 597 2660 silvis
619 2604 800 2661 saevissimus
820 2604 922 2679 implet

147 2679 283 2749 Nuntius,
304 2690 334 2738 et
354 2679 450 2738 iuveni
471 2679 618 2754 ingentem
638 2682 692 2738 lert
712 2684 790 2739 Acca
813 2683 985 2741 tumultum:

147 2758 266 2814 Deletas
285 2759 457 2815 Volscorum
478 2759 563 2828 acies,
583 2758 723 2815 cecidisse
744 2759 907 2830 Camillam,

146 2835 284 2906 Ingruere
305 2833 431 2892 infensos
452 2835 559 2906 hostes,
582 2845 610 2892 et
636 2838 730 2894 Marte
753 2837 882 2894 secundo

146 2908 254 2968 Omnia
273 2909 460 2983 corripuisse;
481 2922 593 2969 metum
615 2911 672 2970 iam
695 2913 733 2971 ad
756 2915 875 2973 moenia
896 2912 969 2972 ferri.
1061 2933 1113 2986 900
1215 2949 1216 2954 κ

146 2986 200 3040 llle
223 2985 387 3068 furens—et
408 3007 494 3046 saeva
517 2989 596 3046 lovis
614 2989 657 3047 sic
677 2991 798 3048 numina
819 3002 986 3066 poscunt-

146 3060 261 3142 Deserit
282 3062 416 3121 obsessos
437 3065 535 3133 colles,
557 3084 679 3124 nemora
699 3085 802 3142 aspera
822 3069 934 3144 linquit

145 3132 202 3186 er
224 3148 239 3185 e
264 3148 420 3206 conspectu
443 3139 557 3209 exierat,
581 3161 776 3219 campumque
798 3149 924 3218 tenebat,

145 3207 223 3264 Cum
253 3218 336 3280 pater
367 3214 490 3285 Aeneas,
512 3218 601 3275 saltus
621 3219 768 3294 ingressus
790 3235 914 3299 apertos,
