2494 3702
126 121 179 175 ιιι
386 97 422 159 P.
445 97 636 159 Vanam
650 97 862 158 Maronis
905 54 909 61 ¹

125 239 257 320 Spiritus,
279 239 427 302 interdum
447 241 558 318 gemitu
577 241 680 318 gravis,
703 241 822 319 imaque
840 243 933 319 longo

127 321 183 382 Ilia
203 321 332 398 singultu
352 322 488 393 tendunt,
508 321 531 382 it
551 322 671 382 naribus
693 333 755 382 ater

127 401 252 478 Sanguis
273 413 303 461 et
323 402 458 462 obsessas
478 403 578 462 fauces
598 401 706 479 premit
726 421 830 478 aspere
849 401 974 478 lingua..
989 448 1011 458 ἢ

128 481 240 542 Profuit
260 480 370 542 inserto
390 481 492 542 latices
512 481 666 543 infundere
687 501 780 542 cornu

128 564 283 634 Lenaeos;
308 580 344 622 ea
363 561 427 622 visa
447 563 526 622 salus
547 562 740 622 morientibus
760 581 839 636 una;
1065 579 1129 638 510

128 645 204 702 Mox
224 653 286 704 erat
306 643 364 702 hoc
384 643 481 720 ipsum
502 642 602 716 exitio,
623 643 764 719 furiisque
782 640 884 702 refecti

127 723 281 783 Ardebant
300 722 417 800 ipsique
438 742 507 782 suos
527 721 587 781 iam
608 733 702 783 morte
722 724 778 782 sub
798 742 885 798 aegra

131 803 184 881 (Di
205 802 328 864 meliora
348 803 404 879 piis
424 821 610 879 erroremque
630 803 766 863 hostibus
785 801 867 861 illum
879 802 896 880 t)

130 882 277 943 Discissos
298 882 386 942 nudis
405 881 559 942 laniabant
580 882 718 942 dentibus
739 893 825 942 artus.

129 965 210 1023 Ecce
229 973 329 1023 autem
350 964 425 1023 duro
445 963 564 1022 fumans
584 964 639 1023 sub
659 982 779 1022 vomere
799 975 898 1022 taurus
1065 979 1127 1038 515

131 1041 271 1104 Concidit
291 1055 320 1103 et
340 1042 466 1102 mixtum
487 1042 600 1119 spumis
620 1041 713 1102 vomit
734 1063 784 1102 ore
805 1061 939 1102 cruorem

132 1127 345 1199 Extremosque
365 1122 426 1183 ciet
444 1123 577 1199 gemitus.
621 1125 651 1182 lt
670 1122 759 1182 tristis
780 1133 875 1182 arator

132 1205 317 1263 Maerentem
338 1202 501 1293 abiungens
520 1206 647 1263 fraterna
667 1213 761 1262 morte
781 1202 948 1273 iuvencum,

131 1286 230 1359 Atque
250 1300 340 1359 opere
359 1282 391 1342 in
411 1283 512 1343 medio
533 1285 630 1344 defixa
649 1281 788 1358 relinquit
808 1293 908 1341 aratra

133 1366 204 1423 Non
224 1365 347 1423 umbrae
366 1364 492 1454 altorum
513 1383 677 1454 nemorum,
700 1382 761 1422 non
782 1362 883 1421 mollia
903 1372 1028 1442 possunt
1066 1379 1130 1438 520

133 1447 219 1502 Prata
239 1461 357 1503 movere
378 1442 519 1516 animum,
541 1464 603 1504 non
623 1444 674 1520 qui
695 1463 747 1520 per
767 1462 837 1502 saxa
856 1443 974 1501 volutus

133 1523 235 1583 Purior
255 1524 363 1584 electro
384 1542 523 1599 campum
544 1524 618 1601 petit
639 1523 751 1680 arn&
778 1533 809 1583 at
828 1523 889 1582 ima
1054 1583 1056 1588 ,

132 1604 290 1664 Solvontur
309 1605 399 1663 latera
419 1615 507 1680 atque
528 1607 630 1663 oculos
651 1615 696 1663 stu
738 1624 753 1662 r
772 1613 877 1679 urguet
895 1601 1013 1673 inertes,
1136 1649 1140 1656 .

132 1684 182 1743 Ad
202 1693 369 1760 terramque
388 1683 453 1742 fluit
472 1685 586 1744 devexo
606 1686 739 1760 pondere
759 1684 862 1743 oervix.

134 1761 215 1839 Quid
234 1763 319 1823 labor
337 1773 390 1822 aut
410 1765 566 1824 benefacta
585 1764 708 1824 iuvant?
730 1763 803 1840 quid
821 1783 941 1822 vomere
958 1773 1050 1823 terras
1068 1780 1131 1838 525

134 1845 292 1904 Invertisse
311 1845 436 1920 graves?
462 1844 546 1921 atqui
566 1864 627 1904 non
649 1843 779 1904 Massica
799 1843 909 1904 Bacchi

135 1926 270 1998 Munera,
292 1943 355 1984 non
376 1923 433 1983 illis
454 1927 561 2001 epulae
581 1943 708 1984 nocuere
729 1935 885 2000 repostae:

136 2006 303 2064 Frondibus
324 2015 354 2065 et
374 2004 454 2064 victu
474 2017 634 2080 pascuntur
654 2004 794 2080 simplicis
814 2004 932 2078 herbae,

135 2086 248 2144 Pocula
267 2095 336 2144 sunt
355 2086 452 2144 fontes
473 2085 577 2161 liquidi
597 2096 686 2160 atque
707 2083 834 2146 exercita
853 2105 940 2144 cursu

136 2165 280 2236 Flumina,
303 2185 360 2224 nec
379 2183 500 2225 somnos
521 2164 669 2240 abrumpit
689 2184 759 2224 cura
779 2165 916 2224 salubres
1070 2181 1132 2240 530

135 2246 285 2322 Tempore
305 2263 368 2304 non
386 2245 445 2304 alio
466 2243 570 2304 dicunt
590 2243 756 2322 regionibus
776 2243 832 2303 illis

137 2323 293 2398 Quaesitas
313 2324 352 2383 ad
373 2343 455 2383 sacra
473 2326 566 2384 boves
587 2323 710 2385 lunonis
731 2334 761 2384 et
780 2325 839 2383 uris

137 2404 304 2481 Imparibus
324 2405 430 2463 ductos
450 2405 511 2464 alta
530 2406 570 2464 ad
590 2404 712 2465 donaria
732 2424 839 2466 currus.

138 2486 216 2561 Ergo
236 2503 322 2560 aegre
342 2482 439 2542 rastris
459 2495 569 2544 terram
588 2484 731 2543 rimantur
752 2495 781 2543 et
800 2483 871 2560 ipsis

137 2563 295 2640 Unguibus
314 2563 462 2623 infodiunt
482 2566 577 2640 fruges
597 2575 772 2640 montesque
791 2583 845 2640 per
864 2564 939 2624 altos
1071 2583 1086 2642 5
1091 2586 1107 2640 3
1112 2582 1126 2641 5

257 2653 288 2703 ta
307 2643 420 2702 cervice
441 2645 558 2704 trahunt
578 2643 730 2703 stridentia
749 2644 886 2734 plaustra.

117 2646 315 2814 ffipus
335 2722 456 2783 insidias
477 2725 610 2800 explorat
630 2723 717 2783 ovilia
738 2723 849 2815 circum

137 2808 204 2864 Nec
223 2803 358 2882 gregibus
379 2814 539 2864 nocturnus
560 2804 751 2877 obambulat3
778 2803 872 2864 aerior
892 2803 977 2862 illum

138 2886 217 2952 Cura
236 2885 356 2958 domat,
384 2883 479 2944 timidi
499 2885 635 2974 dammae
655 2881 792 2959 cervique
811 2886 930 2961 fugaces

139 2967 227 3024 Nunc
246 2963 381 3054 interque
401 2983 490 3024 canes
511 2975 541 3023 et
561 2963 672 3023 circum
694 2973 771 3022 tecta
791 2975 939 3040 vagantur.
1070 2981 1129 3040 540

138 3046 204 3103 Iani
223 3044 310 3102 maris
331 3043 467 3102 immensi
487 3045 600 3118 prolem
621 3055 651 3102 et
671 3062 763 3118 genus
784 3061 874 3102 omne
893 3052 1048 3102 natantum

138 3121 269 3181 Litore
261 3139 292 3179 m
313 3132 452 3192 extremo,
474 3139 529 3178 ceu
550 3122 689 3209 naufraga
709 3141 841 3197 corpora,
863 3123 1003 3182 fluctus

139 3198 268 3268 Proluit3
295 3196 431 3256 insolitae
452 3197 594 3272 fugiunt
586 3216 618 3256 ιιι
638 3198 760 3256 flumina
780 3200 903 3275 phocae
1042 3209 1044 3214 ‘

139 3275 243 3334 Interit
263 3286 292 3334 et
313 3274 406 3334 curvis
426 3277 530 3333 frustra
549 3276 671 3364 defensa
690 3277 809 3335 latebris

138 3353 249 3427 Vipera
268 3364 298 3412 et
318 3353 434 3411 attoniti
455 3352 584 3428 squamis
604 3354 788 3413 adstantibus
808 3356 960 3431 hydri..
1071 3379 1128 3440 545
