2468 3692
160 142 218 218 388
408 139 444 196 P.
479 134 669 194 VERGILI
690 131 902 190 MARONIS

201 267 334 324 ‘Summe
354 263 452 330 deum,
474 259 565 320 sancti
587 260 684 318 custos
705 257 828 318 Soractis
849 257 967 332 Apollo,
1084 257 1141 330 785
1222 261 1223 302 i

162 345 278 417 ‘Quem
298 341 383 416 primi
403 339 533 410 colimus,
556 338 603 397 cui
623 337 726 413 pineus
746 337 831 393 ardor
850 353 955 394 acervo

163 421 319 491 ‘Pascituq
341 429 371 478 et
390 417 520 477 medium
540 416 604 476 freti
623 416 731 492 pietate
751 433 804 490 per
822 415 920 488 ignem

163 501 316 559 ‘Cultores
335 500 426 556 multa
445 495 602 572 premimus
622 494 742 569 vestigia
761 511 853 568 pruna
862 513 871 564 ;

162 580 237 648 ‘Da
260 579 354 647 Pater,
375 578 433 634 hoc
451 574 557 634 nostris
577 572 687 633 aboleri
707 572 835 631 dedecus
855 569 950 641 armis,

164 655 385 730 ‘Omnipotens
427 656 497 712 Non
516 652 641 719 exuvias,
660 653 796 726 pulsaeve
816 660 966 724 tropaeum
1086 665 1143 720 790

164 733 318 809 ‘Virginis
337 743 388 791 aut
408 732 501 806 spolia
519 733 579 788 ulla
598 741 685 804 peto:
705 728 776 786 mihi
797 738 893 785 cetera
911 726 1032 784 laude'm

163 815 273 870 ‘Facta
292 813 402 870 ferent:
424 811 497 867 haec
517 809 579 868 dira
598 827 665 867 meo
685 809 756 866 dum
775 808 893 865 volnere
912 804 1002 880 pestis

166 893 274 950 ‘Pulsa
293 891 387 961 cadat,
406 887 513 964 patrias
532 889 670 945 remeabo
689 883 827 960 inglorius
847 883 949 942 urbes!

165 968 276 1040 Audiit,
298 979 328 1026 et
347 967 408 1026 voti
428 967 566 1024 Phoebus
586 965 742 1022 succedere
762 973 874 1038 partem

167 1050 269 1106 Mente
289 1045 389 1117 dedit3
407 1055 520 1119 partem
540 1045 671 1101 volucres
691 1040 825 1116 dispersit
844 1040 875 1098 in
895 1058 985 1099 auras.
1086 1055 1140 1112 795
1222 1079 1223 1112 3

167 1129 311 1185 Sterneret
330 1135 363 1181 ut
383 1122 477 1181 subita
497 1123 641 1180 turbatam
661 1131 756 1178 morte
777 1119 938 1189 Camillam,

167 1203 280 1262 Adnuit
300 1201 411 1261 oranti:
431 1202 569 1259 reducem
590 1211 622 1258 ut
642 1199 733 1274 patria
752 1200 810 1256 alta
825 1197 944 1270 videret,

168 1285 239 1340 Non
259 1281 348 1353 dedit,
369 1281 457 1355 inque
476 1289 563 1337 notos
583 1296 688 1336 vocem
707 1287 816 1336 vertere
836 1276 988 1351 procellae.

170 1363 255 1435 Erg0‚
275 1370 308 1418 ut
328 1358 416 1417 missa
436 1376 524 1414 manu
544 1356 671 1414 sonitum
692 1355 774 1414 dedit
793 1356 877 1412 hasta
895 1373 948 1430 per
966 1373 1059 1424 auras,

171 1441 348 1498 Convertere
368 1436 480 1494 animos
499 1454 580 1493 acres
601 1437 760 1509 oculosque
780 1435 871 1492 tulere
1085 1434 1142 1488 800

172 1516 279 1576 Cuncti
298 1517 337 1574 ad
357 1513 485 1589 reginam
505 1513 613 1572 Volsci.
657 1512 737 1571 Nihil
757 1511 821 1587 ipsa
840 1530 935 1586 neque
955 1529 1042 1569 aurae

171 1597 236 1652 Nec
256 1594 367 1651 sonitus
387 1611 507 1663 memor,
529 1604 579 1650 aut
598 1591 740 1650 venientis
761 1592 799 1649 ab
822 1591 939 1648 aethere
958 1590 1027 1661 teli;

172 1674 267 1730 Hasta
287 1672 341 1729 sub
362 1679 503 1729 exsertam
523 1671 619 1728 donec
638 1672 749 1745 perlata
767 1670 906 1744 papillam

172 1750 287 1821 Haesit,
307 1749 527 1824 virgineumque
547 1750 604 1806 alte
624 1748 699 1808 bibit
719 1758 784 1806 acta
804 1766 942 1806 cruorem.

173 1831 356 1888 Concurrunt
376 1827 505 1902 trepidae
526 1827 655 1899 comites,
677 1825 885 1899 dominamque
904 1835 1037 1883 ruentem
1087 1827 1140 1898 805

172 1906 345 1981 Suscipiunt.
388 1905 472 1981 Fugit
491 1909 559 1964 ante
579 1924 681 1964 omnes
702 1904 850 1964 exterritus
870 1906 987 1974 Arruns,

172 1985 297 2044 Laetitia
316 1983 465 2058 mixtoque
485 1995 564 2042 metu
574 2005 583 2056 ;
603 2003 659 2042 nec
679 1983 737 2041 iam
757 1983 882 2058 amplius
901 1983 1001 2040 hastae

174 2065 308 2133 Credere,
329 2081 385 2121 nec
406 2061 469 2120 telis
490 2081 638 2121 occurrere
658 2061 774 2137 virginis
794 2061 890 2120 audet

172 2145 218 2200 Ac
238 2141 317 2199 velut
336 2141 393 2212 ille,
414 2139 493 2215 prius
514 2157 602 2214 quam
621 2142 680 2199 tela
699 2140 816 2198 inimica
836 2148 1001 2213 sequantur,

174 2219 324 2278 Continuo
344 2218 375 2276 in
395 2229 509 2278 montes
531 2238 595 2278 sese
617 2219 697 2277 avius
718 2218 832 2278 abdidit
853 2223 928 2277 altos
1089 2219 1145 2275 810
1222 2267 1223 2282 ,

175 2297 282 2356 Occiso
304 2309 418 2372 pastore
440 2299 533 2371 lupus,
557 2315 700 2372 magnove
721 2297 855 2368 iuvenc0,
1222 2301 1223 2326 i

175 2375 318 2435 Conscius
340 2374 458 2433 audacis
479 2374 555 2446 facti,
579 2377 759 2450 caudamque
781 2377 944 2434 remulcens

175 2453 303 2512 Subiecit
324 2453 502 2528 pavitantem
524 2465 614 2524 utero,
638 2454 781 2529 silvasque
802 2453 924 2529 petivit:

177 2534 267 2590 Haud
291 2551 374 2590 secus
396 2551 432 2589 ex
453 2532 545 2589 oculis
567 2551 598 2590 se
620 2532 751 2591 turbidus
772 2533 892 2591 abstulit
912 2535 1039 2608 Arrunte,

175 2613 400 2685 Contentusque
421 2612 488 2684 fuga
509 2611 614 2669 mediis
636 2629 667 2669 se
688 2610 836 2669 inmiscuit
860 2610 953 2668 armis.
1090 2611 1142 2687 815
1213 2607 1215 2611 ⁴

176 2691 233 2748 Illa
252 2708 340 2746 manu
361 2687 489 2747 moriens
510 2691 599 2747 telum
621 2689 725 2747 trahit:
748 2707 815 2747 ossa
837 2691 889 2748 sed
910 2689 986 2748 inter

177 2771 297 2826 Ferreus
318 2768 356 2825 ad
378 2777 474 2825 costas
496 2769 555 2826 alto
577 2779 634 2825 stat
655 2769 773 2826 vulnere
791 2786 900 2826 mucro.

177 2845 298 2904 Labitur
319 2845 491 2919 exsanguis;
514 2847 651 2904 labuntur
669 2845 773 2920 frigida
794 2847 853 2904 leto

177 2923 319 2995 Lumina,
340 2942 500 2999 purpureus
522 2925 672 2999 quondam
694 2926 775 2983 color
796 2942 847 2982 ora
868 2922 991 2998 reliquit

176 3005 254 3058 Tum
276 3001 318 3059 sic
339 3001 487 3075 exspirans
509 3004 627 3074 Accam,
651 3022 687 3061 ex
708 3003 877 3078 aequalibus
899 3019 995 3074 unam,
1093 3005 1145 3060 820
1222 2985 1223 3058 i

176 3077 361 3162 Adloquitur,
383 3081 443 3136 fida
464 3089 533 3137 ante
554 3080 625 3138 alias
645 3100 722 3156 quae
743 3083 806 3140 sola
827 3079 977 3152 Camillae,
1222 3085 1223 3108 ³

179 3154 306 3225 Quicum
327 3153 424 3226 partiri
446 3174 546 3228 curas3
568 3167 656 3232 atque
678 3160 752 3217 haec
772 3159 814 3217 ita
833 3161 927 3216 fatur:

218 3229 399 3314 ‘Hactenus
421 3235 502 3290 Acca
522 3253 611 3306 soror,
633 3236 734 3310 potui3
756 3256 834 3294 nunc
855 3238 961 3296 volnus
982 3237 1116 3299 acerbum

179 3303 334 3373 ‘Conficrt
358 3315 387 3362 et
407 3309 534 3368 tenebris
555 3311 721 3387 nigrescunt
742 3315 842 3374 omnia
863 3315 980 3374 circum.
