2462 3678
177 111 232 170 292
433 87 468 145 P.
499 87 689 146 VERGJLI
709 87 922 147 MARONIS

176 214 265 276 Celsa
284 211 368 289 petit,
389 210 571 287 tacitumque
592 210 709 271 obsedit
729 211 821 271 limen
841 214 978 284 Amatae,

177 295 275 369 Quam
296 311 383 369 super
402 292 533 351 adventu
553 292 704 351 Teucrum
726 292 881 368 Turnique
900 291 1082 368 hymenaeis
1206 359 1207 364 1

177 372 335 434 Femineae
354 373 509 431 ardentem
530 391 676 448 curaeque
697 371 817 448 iraeque
837 372 1021 448 coquebant
1124 390 1207 446 343

178 451 260 512 Huic
280 451 338 512 dea
357 450 499 543 caeruleis
520 471 613 510 unum
633 453 671 512 de
692 451 822 512 crinibus
843 470 970 528 anguem

178 531 334 605 Conicit,
327 551 416 608 mque
437 530 534 590 sinum
555 531 727 608 praecordia
746 533 786 591 ad
806 531 909 591 intima
930 529 1046 603 subdit,

178 615 247 688 Quo
266 611 425 672 furibunda
444 614 568 671 domum
589 623 721 671 monstro
742 611 917 688 permisceat
938 631 1074 670 ornnem

178 695 233 753 Ille
254 691 330 751 inter
349 702 447 751 vestes
469 702 498 750 et
518 690 594 750 levia
614 702 735 766 pectora
754 693 855 768 lapsus

177 771 314 832 Volvitur
334 781 445 831 attactu
466 772 557 843 nullo,
579 771 711 848 fallitque
732 772 887 842 furentem,

177 851 335 929 Vipeream
355 851 499 929 inspirans
520 850 668 924 animam;
688 853 720 910 fit
740 852 838 911 tortile
859 853 937 911 collo

177 931 320 992 Aurum
312 950 415 1008 ingens
435 932 564 1004 coluber,
586 933 620 990 fit
640 933 745 1010 longae
766 931 864 991 taenia
883 931 982 1005 vittae,

180 1012 368 1088 Innectitque
389 1030 499 1084 comas,
521 1023 551 1071 et
572 1012 710 1072 membris
731 1013 859 1072 lubricus
880 1023 963 1070 errat.

178 1095 224 1152 Ac
245 1092 316 1151 dum
337 1091 431 1168 prima
450 1093 513 1151 lues
534 1094 595 1152 udo
615 1092 754 1168 sublapsa
774 1111 890 1152 veneno

179 1176 360 1248 Pertemptat
379 1191 491 1263 sensus,
513 1183 603 1248 atque
623 1172 739 1231 ossibus
759 1171 911 1248 inplicat
903 1191 1012 1248 ignem,
1121 1187 1169 1245 333
1208 1199 1209 1246 l

180 1252 318 1312 Necdum
338 1250 454 1311 animus
475 1263 538 1311 toto
558 1252 691 1329 percepit
711 1263 832 1329 pectore
852 1253 1013 1325 flammam,

180 1332 310 1406 Mollius,
332 1343 362 1391 et
383 1331 470 1392 solito
491 1343 617 1391 matrum
638 1334 676 1392 de
698 1351 787 1406 more,
810 1335 909 1392 locuta
929 1343 983 1402 est,

180 1414 277 1471 Multa
297 1431 385 1488 super
405 1422 474 1471 nata
494 1411 648 1471 lacrimans
670 1411 861 1489 Phrygiisque
881 1411 1076 1489 hymenaeis:

181 1491 395 1551 ‘Exsulibusne
416 1493 502 1550 datur
522 1492 661 1551 ducenda
681 1492 805 1552 Lavinia
824 1493 957 1564 Teucris,

180 1574 226 1634 ‘0
246 1570 384 1664 genitor?
410 1583 516 1631 necte
537 1571 655 1632 miseret
675 1583 823 1663 nataeque
844 1572 968 1648 tuique?
1120 1577 1172 1646 360

181 1655 265 1712 ‘Nec
284 1651 383 1712 matris
404 1651 530 1724 miseret,
552 1644 642 1728 quam
663 1652 758 1728 primo
778 1652 918 1730 aquilone
938 1651 1090 1728 relinquet

182 1733 341 1806 ‘Perfidus
363 1733 423 1791 alta
442 1743 554 1809 petens,
577 1733 750 1792 abducta
724 1732 845 1811 vrrgine,
866 1734 999 1810 praedo?

181 1815 240 1872 ‘At
260 1831 321 1872 non
343 1811 384 1872 sic
407 1812 548 1889 Phrygius
568 1823 703 1888 penetrat
724 1814 952 1873 Lacedaemona
972 1822 1084 1889 pastor,
1210 1850 1211 1920 q

182 1893 409 1968 ‘Ledaeamque
431 1894 580 1952 Helenam
602 1893 745 1952 Troianas
766 1893 846 1953 vexit
866 1895 905 1953 ad
925 1893 1036 1952 urbes?

183 1972 282 2047 ‘Quid
301 1984 353 2032 tua
373 1983 476 2031 sancta
494 1974 591 2032 fides?
625 1974 697 2049 quid
718 1993 788 2032 cura
808 1973 931 2051 antiqua
950 1983 1080 2045 tuorum,
1118 1977 1169 2048 365

183 2056 240 2112 ‘Et
260 2051 482 2128 consanguineo
502 2053 611 2113 totiens
632 2055 703 2113 data
723 2055 843 2114 dextera
863 2055 989 2113 Turno?

183 2133 230 2194 ‘Si
250 2153 340 2210 gener
360 2145 479 2193 externa
500 2133 608 2210 petitur
629 2135 667 2193 de
687 2145 775 2211 gente
797 2133 917 2207 Latinis,

182 2215 298 2289 ‘quue
318 2215 410 2286 sedet,
433 2213 586 2289 Faunique
607 2225 744 2289 premunt
764 2225 794 2272 te
814 2215 894 2273 iussa
913 2211 1055 2289 parentis,

183 2295 328 2355 ‘Omnem
348 2293 486 2370 equidem
509 2293 630 2369 sceptris
651 2305 757 2353 terram
778 2313 855 2369 quae
875 2293 966 2353 libera
985 2292 1096 2353 nostris

181 2373 341 2446 ‘Dissidet
363 2385 513 2434 externam
534 2392 607 2445 reor,
630 2384 660 2432 et
680 2373 723 2432 sic
743 2373 843 2433 dicere
864 2373 955 2432 divos.
1118 2390 1170 2447 370

183 2456 239 2513 ‘Et
258 2455 369 2526 Turno,
391 2453 416 2513 si
437 2454 532 2530 prima
552 2455 659 2512 domus
678 2464 827 2530 repetatur
848 2453 937 2529 orig0,

184 2535 329 2594 ‘Inachus
350 2533 539 2610 Acrisiusque
560 2545 666 2610 patres,
689 2532 865 2609 mediaeque
888 2531 1053 2608 Mycenae!

222 2614 280 2674 His
301 2613 352 2674 ubi
373 2614 553 2690 nequiquam
574 2612 660 2672 dictis
682 2625 802 2705 experta
822 2613 960 2672 Latinum

181 2697 293 2756 Contra
313 2707 388 2754 stare
409 2695 498 2766 videt,
521 2694 699 2771 penitusque
717 2694 748 2752 in
764 2693 876 2753 viscera
896 2694 1012 2768 lapsum

180 2773 327 2852 Serpentis
347 2773 449 2845 furiale
471 2776 592 2845 malum,
616 2785 769 2864 totamque
789 2785 927 2849 pererrat,
1116 2789 1168 2848 375

179 2858 258 2914 Tum
282 2874 351 2915 vero
372 2839 481 2946 infelix,
501 2853 670 2930 ingentibus
688 2853 783 2913 excita
803 2851 949 2925 monstris,

180 2938 352 2994 Inmensam
373 2934 436 2994 sine
460 2953 541 2993 more
560 2933 627 2993 furit
645 2935 798 3010 lymphata
815 2953 869 3010 per
887 2934 999 2992 urbem.

180 3017 245 3076 Ceu
266 3016 419 3090 quondam
439 3026 515 3073 torto
532 3013 658 3072 volitans
676 3015 730 3073 sub
747 3013 868 3073 verbere
886 3014 982 3083 turbo,

181 3095 280 3169 Quem
302 3093 386 3170 pueri
407 3112 516 3170 magno
530 3092 560 3151 in
578 3112 650 3170 gyro
667 3112 761 3151 vacua
779 3091 852 3152 atria
874 3091 984 3151 circum

181 3173 294 3233 Intenti
312 3173 384 3232 ludo
404 3183 541 3232 exercent
551 3193 559 3244 3
587 3173 635 3230 ille
656 3184 740 3231 actus
760 3174 878 3231 habena
1112 3173 1164 3246 380

181 3251 316 3312 Curvatis
341 3253 430 3308 fertur
450 3251 551 3324 spatiis
561 3270 570 3321 ;
597 3262 696 3326 stupet
718 3251 810 3309 inscia
830 3269 920 3327 supra

182 3329 376 3404 Inpubesque
400 3345 514 3397 manus,
534 3327 639 3385 mirata
657 3329 788 3388 volubile
808 3331 939 3406 buxum3
