2514 3690
119 50 173 90 120
379 40 413 100 Ρ.
445 39 633 102 VERGILI
647 43 859 104 MARONIS

119 171 258 248 (Qualem
280 189 369 247 saepe
391 189 464 230 cava
485 169 595 231 montis
618 173 753 232 convalle
775 176 905 236 solemus

119 250 298 326 Despicere:
325 251 385 309 huc
405 251 527 310 summis
547 250 675 310 licuntur
694 251 817 327 rupibus
838 273 940 314 amnes

119 329 309 406 Felicemque
329 331 448 390 trahunt
468 329 585 407 limum)
606 331 717 407 quique
739 331 836 392 editus
856 337 967 395 Austro

121 413 159 470 Et
180 410 287 470 filicem
308 409 403 469 curvis
423 408 548 469 invisam
569 411 663 486 pascit
683 411 802 472 aratris:

121 490 183 552 Hic
203 490 258 550 tibi
278 490 460 566 praevalidas
480 489 552 548 olim
573 492 727 567 multoque
747 493 872 554 fluentes
1057 517 1116 574 190

121 570 252 630 Sufficiet
272 571 392 630 Baccho
412 571 496 642 viteS,
522 571 571 629 hic
595 571 697 630 fertilis
721 591 804 647 uvae,

123 650 184 710 Hic
207 649 309 722 laticis,
334 651 451 726 qualem
472 651 581 727 pateris
603 651 730 710 libamus
752 663 783 712 et
806 672 887 727 auro,

124 730 241 790 Inflavit
264 749 332 789 cum
354 729 472 806 pinguis
493 731 566 790 ebur
586 732 757 807 Tyrrhenus
779 734 819 792 ad
841 753 916 808 aras,

124 809 272 870 Lancibus
296 821 327 869 et
347 811 454 885 pandis
479 810 621 870 fumantia
644 811 796 871 reddimus
820 824 896 874 exta

123 891 175 952 Sin
200 902 333 951 armenta
356 888 448 967 magis
472 890 602 950 studium
626 891 793 968 vitulosque
817 892 892 952 tueri
1059 915 1115 974 195

125 975 185 1031 Aut
208 971 308 1030 ovium
330 971 421 1030 fetum
443 980 493 1029 aut
517 981 634 1030 urentes
659 973 739 1030 culta
760 974 897 1049 capellas,

125 1053 222 1112 Saltus
245 1062 276 1110 et
298 1050 387 1110 saturi
409 1050 502 1127 petito
524 1051 686 1127 longinqua
708 1053 839 1120 Tarenti,

126 1135 166 1190 Et
189 1132 305 1207 qualem
328 1129 428 1190 infelix
452 1130 548 1189 amisit
571 1133 697 1190 Mantua
719 1152 858 1208 campum

125 1214 301 1270 Pascentem
325 1210 426 1270 niveos
448 1213 575 1270 herboso
598 1212 718 1271 flumine
742 1233 869 1288 cycnos:

127 1294 198 1351 Non
222 1290 327 1367 liquidi
348 1291 483 1367 gregibus
507 1292 612 1364 fontes²
635 1311 698 1351 non
720 1292 852 1367 gramina
875 1294 1001 1367 derunt;
1058 1316 1118 1354 200

128 1375 167 1431 Et
191 1382 333 1448 quantum
355 1371 450 1447 longis
471 1382 592 1446 carpent
613 1385 747 1432 armenta
768 1373 882 1446 diebus

128 1451 243 1528 Exigua
266 1462 378 1511 tantum
402 1451 515 1527 gelidus
538 1471 586 1510 ros
608 1463 697 1512 nocte
720 1465 852 1528 reponet.

130 1531 222 1608 Nigra
245 1534 305 1591 fere
331 1542 360 1590 et
382 1551 483 1607 presso
504 1530 622 1608 pinguis
646 1533 702 1592 sub
726 1552 845 1594 vomere
869 1545 952 1603 terra,

130 1614 169 1671 Et
190 1612 238 1671 cui
259 1621 343 1688 putre
367 1613 462 1671 solum
485 1611 626 1689 (namque
650 1614 709 1671 hoc
730 1612 879 1672 imitamur
902 1613 1037 1692 arando),

130 1691 253 1769 Optima
273 1691 444 1752 frumentis:
473 1711 535 1751 non
558 1694 619 1751 ullo
642 1712 678 1752 ex
699 1711 827 1769 aequore
852 1713 954 1753 cernes
1059 1713 1116 1772 ²05

130 1775 217 1831 Plura
237 1772 360 1832 domum
384 1771 475 1832 tardis
497 1772 640 1832 decedere
664 1774 793 1847 plaustra
816 1773 955 1834 iuvencis.

131 1856 191 1912 Aut
213 1853 294 1911 unde
317 1852 406 1912 iratus
428 1851 531 1911 silvam
553 1853 670 1912 devexit
692 1865 789 1913 arator

132 1935 170 1992 Et
191 1951 313 1993 nemora
336 1931 438 1992 evertit
461 1934 570 1992 multos
591 1933 697 2009 ignave
715 1952 768 2009 per
788 1953 890 2007 annos,

131 2013 335 2089 Antiquusque
357 2014 462 2072 domos
485 2012 583 2072 avium
605 2033 674 2072 cum
698 2013 836 2091 stirpibus
860 2014 926 2073 imis

132 2093 232 2154 Eruit:
260 2094 327 2152 illae
350 2095 441 2152 altum
464 2092 541 2153 nidis
564 2092 674 2169 petiere
696 2094 812 2166 relictiS,
1061 2115 1120 2154 210

131 2177 172 2234 At
193 2173 272 2233 rudis
294 2173 397 2233 enituit
420 2173 549 2249 impulso
571 2193 690 2234 vomere
712 2193 842 2250 campus.

133 2257 211 2314 Nam
233 2253 331 2313 ieiuna
349 2253 470 2330 quidem
492 2253 593 2313 clivosi
614 2255 712 2330 glarea
732 2255 805 2314 ruris

131 2335 188 2393 Vix
210 2334 334 2394 humiles
357 2333 460 2408 apibus
482 2334 574 2393 casias
595 2354 750 2411 roremque
772 2335 935 2409 ministrat;

134 2418 173 2476 Et
199 2416 277 2474 tofus
299 2415 402 2473 scaber
426 2425 456 2473 et
479 2413 568 2490 nigris
590 2434 677 2474 exesa
700 2415 845 2492 chelydris

134 2497 222 2557 Creta
245 2504 354 2570 negant
375 2492 448 2553 alios
472 2513 565 2569 aeque
587 2494 772 2572 serpentibus
794 2515 878 2572 agros
1064 2513 1120 2572 215

133 2576 261 2635 Dulcem
283 2577 357 2636 ferre
379 2573 477 2633 cibum
501 2585 531 2634 et
555 2594 656 2634 curvas
680 2577 821 2651 praebere
843 2577 976 2636 latebras.

134 2657 219 2730 Quae
243 2665 364 2714 tenuem
385 2656 501 2714 exhalat
523 2657 661 2714 nebulam
683 2658 837 2732 fumosque
857 2658 999 2725 volucres,

134 2739 174 2796 Et
197 2735 273 2796 bibit
297 2755 432 2796 umorem
457 2746 495 2808 et,
515 2754 582 2794 curn
607 2737 676 2809 vult,
702 2755 738 2796 ex
760 2755 791 2795 se
815 2737 880 2812 ipsa
903 2734 1032 2805 remittit,

135 2817 280 2892 Quaeque
301 2835 354 2876 suo
376 2835 492 2892 semper
505 2813 605 2874 viridis
617 2835 648 2874 se
669 2815 800 2892 gramine
821 2815 917 2890 vestit,

136 2900 201 2957 Nec
225 2896 324 2956 scabie
347 2908 376 2956 et
398 2898 474 2956 salsa
498 2895 587 2956 laedit
607 2896 740 2972 robigine
764 2898 880 2970 ferrum,
1065 2913 1125 2954 220
1225 2881 1245 2952 s

136 2979 193 3038 Illa
215 2976 270 3036 tibi
295 2976 379 3037 laetis
403 2977 514 3035 intexet
536 2975 645 3035 vitibus
666 2978 772 3047 ulmos,

137 3059 193 3117 Illa
215 3059 295 3116 ferax
317 3059 384 3116 oleo
407 3068 460 3128 est,
486 3055 567 3114 illam
591 3056 739 3130 experiere
762 3056 890 3116 colendo

137 3139 176 3197 Et
197 3136 314 3195 facilem
339 3136 439 3210 pecori
463 3145 493 3194 et
514 3133 676 3209 patientem
700 3136 825 3195 vomeris
850 3135 928 3194 unci.

136 3217 241 3275 Talem
265 3215 347 3274 dives
369 3226 431 3273 arat
457 3213 560 3287 Capua
584 3224 613 3273 et
634 3213 731 3273 vicina
755 3217 890 3274 Vesaevo

138 3297 199 3356 Ora
222 3293 290 3368 iugo
313 3302 343 3352 et
367 3290 467 3351 vacuis
493 3292 615 3351 Clanius
638 3312 698 3352 non
724 3312 834 3368 aequos
857 3293 981 3353 Acerris.
1067 3315 1125 3374 ²²5
