2462 3678
392 108 634 168 AENEIDOS
657 109 742 166 ΜΒ.
777 109 826 168 VI.
1047 112 1100 168 281

87 234 105 262 ‘
119 227 235 305 Aspice
256 229 450 304 Torquatum,
472 236 503 287 et
525 227 698 287 referentem
719 225 803 303 signa
824 223 988 286 Camillum.
1044 227 1101 298 825

87 311 199 368 ‘Illae
224 316 332 380 autem,
357 306 478 383 paribus
499 326 573 383 quas
594 308 704 383 fulgere
727 305 822 367 cernis
843 305 874 364 in
898 305 994 377 armis,

88 394 106 422 ‘
119 389 299 450 Concordes
319 388 436 447 animae
459 407 548 459 nunc,
572 398 601 447 et
623 389 696 446 dum
720 397 808 447 nocte
830 396 1010 463 premuntur,

91 475 108 503 ‘
121 471 200 528 Heu
222 478 365 545 quantum
387 467 463 528 inter
485 487 517 527 se
539 468 658 539 bellum,
683 466 707 526 si
729 466 841 526 lumina
860 465 937 526 vitae

92 548 292 625 ‘Attigerint,
314 559 440 624 quantas
460 547 538 608 acies
559 558 744 630 stragemque
765 546 893 619 ciebunt,

92 628 292 706 ‘Aggeribus
312 647 396 688 socer
416 626 533 704 Alpinis
553 639 642 704 atque
662 647 729 687 arce
751 626 893 687 Monoeci
1043 629 1102 701 830
1145 663 1151 674 ·

96 710 328 782 ‘Descendens
350 727 441 785 gener
459 708 588 768 adversis
607 708 766 768 instructus
788 710 876 767 Eois!

98 791 154 848 ‘N
157 809 182 861 e,
205 788 295 865 pueri,
317 807 356 849 ne
375 799 458 848 tanta
477 788 583 847 animis
603 788 767 849 adsuescite
788 788 872 859 bella,

97 872 196 930 ‘Neu
216 868 325 946 patriae
345 869 457 928 validas
477 868 509 928 in
528 868 640 928 viscera
659 868 762 928 vertite
781 867 874 928 vires:

96 953 235 1025 ‘Tuque
255 948 341 1024 prior,
363 959 395 1008 tu
414 967 511 1025 parce,
532 967 626 1025 genus
647 947 698 1024 qui
724 947 808 1008 ducis
829 947 958 1025 Olympo
968 968 977 1020 3

96 1029 230 1090 ‘Proice
250 1031 309 1089 tela
329 1047 426 1101 manu,
449 1029 566 1106 sanguis
587 1029 689 1089 meust
1042 1030 1098 1104 835

96 1113 182 1169 ‘Ille
203 1109 380 1185 triumphata
402 1109 550 1186 Capitolia
569 1109 687 1174 adalta
708 1107 853 1170 Corintho

97 1190 230 1250 ‘Victor
249 1200 315 1267 aget
336 1209 460 1262 currum,
483 1187 575 1249 caesis
596 1188 716 1264 insignis
737 1188 864 1248 Achivis

97 1273 217 1333 ‘Eruet
236 1267 286 1329 ille
306 1273 400 1346 Argos
421 1269 731 1346 Agamemnoniasque
752 1271 903 1346 Mycenas,

98 1354 288 1426 ‘Ipsumque
309 1350 470 1422 Aeaciden,
495 1369 588 1426 genus
611 1349 813 1426 armipotentis
834 1347 951 1421 Achilli,

98 1432 215 1491 ‘Ultus
236 1449 307 1490 avos
329 1430 444 1503 Troiae,
468 1432 580 1506 templa
601 1440 631 1490 et
655 1440 796 1490 temerata
817 1429 977 1493 Minervae.
1041 1431 1099 1501 840

99 1509 200 1586 ‘Quis
220 1521 258 1583 te,
280 1529 386 1587 magne
407 1513 492 1583 Cato,
514 1511 643 1581 tacitum,
666 1521 716 1569 aut
736 1521 774 1582 te,
797 1511 898 1582 Cosse,
921 1510 1087 1586 relinquat?

99 1590 202 1666 ‘Quis
222 1590 347 1652 Gracchi
366 1609 476 1666 genus,
490 1601 540 1650 aut
559 1591 702 1668 geminos,
723 1592 784 1650 duo
803 1591 926 1650 fulmina
945 1591 1024 1662 belli,

100 1670 287 1746 ‘Scipiadas
312 1672 426 1730 cladem
450 1670 569 1747 Libyae,
591 1690 741 1747 parvoque
761 1682 913 1748 potentem

101 1750 301 1823 ‘Fabricium
320 1753 368 1810 vel
388 1761 418 1811 te
439 1753 530 1823 sulco,
553 1752 682 1824 Serrnne,
705 1754 873 1811 serentem?

102 1833 196 1906 ‘Quo
215 1833 325 1890 fessum
345 1830 453 1907 rapitis,
477 1831 582 1891 Fabii?
621 1834 669 1891 Tu
691 1831 840 1892 Maximus
861 1830 908 1890 ille
929 1851 968 1904 es,
1040 1835 1096 1908 845

104 1914 214 1972 ‘Unus
233 1911 284 1988 qui
304 1911 390 1971 nobis
411 1914 581 1972 cunctando
601 1911 726 1972 restituis
747 1931 817 1971 rem.

104 1993 282 2052 ‘Excudent
303 1991 352 2050 alii
373 1991 512 2068 spirantia
533 1992 651 2052 mollius
673 2011 748 2065 aera,

93 2073 227 2133 ‘Credo
247 2071 395 2148 equidem,
415 2071 498 2132 vivos
519 2073 629 2132 ducent
649 2074 687 2133 de
708 2091 851 2132 marmore
871 2072 975 2144 voltus,

106 2153 261 2214 ‘Orabunt
281 2171 383 2212 causas
407 2153 520 2225 melina,
542 2153 675 2228 caelique
695 2164 809 2212 meatus

106 2233 302 2292 ‘Describent
323 2233 414 2304 radio,
437 2243 466 2292 et
479 2233 634 2309 'surgentia
654 2233 749 2293 sidera
769 2232 886 2292 dicent:
1041 2234 1099 2310 850

106 2315 174 2372 ‘Tu
195 2332 293 2390 regere
315 2312 437 2389 imperio
459 2315 593 2389 populos,
616 2317 761 2385 Romane,
784 2323 952 2386 memento;

106 2395 195 2452 ‘Hae
217 2392 271 2453 tibi
293 2404 377 2453 erunt
399 2404 482 2466 artes,
505 2393 645 2470 pacisque
666 2393 808 2470 inponere
829 2412 950 2466 morem,

106 2477 247 2534 ‘Parcere
272 2473 419 2545 subiectis,
440 2484 470 2533 et
491 2476 640 2534 debellare
662 2474 821 2550 superbos’

146 2553 196 2614 Sic
216 2564 299 2629 pater
319 2553 473 2626 Anchises,
497 2565 585 2631 atque
607 2556 681 2614 haec
703 2554 875 2615 mirantibus
896 2553 998 2616 addit:

106 2634 241 2710 ‘Aspice
264 2644 297 2693 ut
319 2633 441 2710 insignis
463 2635 563 2711 spoliis
585 2636 744 2694 Marcellus
765 2634 871 2711 opimis
1040 2638 1095 2713 855

106 2713 298 2792 ‘Ingreditur,
320 2714 471 2791 victorque
492 2715 570 2775 viros
592 2715 789 2792 supereminet
810 2718 931 2774 omnes!

106 2794 187 2853 ‘Hic
207 2814 270 2854 rem
293 2797 470 2868 Romanam,
494 2815 603 2872 magno
623 2796 760 2855 turbante
778 2797 913 2866 tumultu,

106 2874 219 2947 ‘Sistet
244 2894 336 2951 eques
359 2885 469 2935 sternet
491 2878 608 2936 Poenos
631 2876 808 2949 Gallumque
833 2873 981 2946 rebellem,

105 2953 282 3030 ‘Tertiaque
300 2973 381 3014 arma
401 2955 476 3032 patri
500 2957 661 3032 suspendet
683 2965 769 3031 capta
791 2952 934 3029 Quirino?

103 3037 204 3110 Atque
225 3033 275 3093 hic
295 3037 413 3094 Aeneas
436 3033 506 3113 (una
526 3055 656 3111 namque
677 3033 719 3094 ire
739 3034 858 3094 videbat
1039 3037 1098 3095 860

105 3114 261 3192 Egregium
283 3117 377 3175 forma
397 3115 533 3175 iuvenem
556 3126 586 3175 et
607 3114 785 3192 fulgentibus
807 3113 902 3187 armis,

104 3195 164 3256 Sed
185 3195 265 3255 frons
286 3198 363 3255 laeta
384 3214 496 3271 parum,
520 3205 550 3256 et
571 3195 688 3255 deiecto
711 3195 821 3253 lumina
842 3192 938 3274 voltu)

107 3275 206 3348 ‘Quis
229 3284 320 3350 pater,
343 3273 399 3345 ille,
424 3273 517 3333 virum
538 3274 589 3350 qui
611 3274 653 3334 sic
679 3275 835 3334 comitatur
857 3276 997 3334 euntem?

108 3353 223 3428 ‘Filius
247 3372 324 3414 anne
346 3355 451 3430 aliquis
470 3373 578 3431 magna
599 3357 638 3414 de
660 3356 747 3432 stirpe
770 3355 934 3431 nepotum?
1039 3354 1097 3425 864
