2488 3694
123 83 179 157 17⁶
370 79 629 140 alvarum
650 81 866 142 MARONJS

122 207 267 272 Incendat
286 207 418 286 reginam
438 220 527 285 atque
548 209 667 269 ossibus
686 208 822 287 implicet
842 209 954 288 ignem.
1076 219 1138 276 660
1237 205 1238 280 ζ

123 289 243 366 Quippe
263 289 387 348 domum
407 289 493 349 timet
513 289 687 365 ambiguam
707 290 876 368 Tyriosque
896 292 1050 372 bilingues
1059 315 1071 369 ;
1237 303 1238 368 t

124 370 191 434 Urit
211 379 294 428 atrox
314 370 402 440 Iuno,
423 380 454 429 et
474 372 530 428 sub
550 381 673 429 noctem
695 389 765 429 cura
785 383 926 432 recursat.

125 455 203 527 Ergo
221 447 267 509 his
288 448 427 525 aligerum
449 447 535 508 dictis
555 450 662 508 affatur
682 453 845 512 Amorem:

125 533 229 602 ‘Nate,
250 548 334 588 meae
354 527 437 600 vires,
460 547 527 588 mea
547 547 657 604 magna
677 531 813 606 potentia
834 534 927 606 solus,

128 613 231 684 ‘Nate
254 608 348 668 Patris
369 608 476 668 summi
496 608 547 686 qui
567 611 628 669 tela
648 610 788 686 Typhoia
809 611 929 686 temnis,
1078 619 1137 692 665

128 691 193 751 ‘Ad
214 701 243 750 te
262 688 402 765 confugio
423 700 454 748 et
473 689 597 765 supplex
617 699 670 748 tua
690 689 816 749 numina
836 711 941 768 posco.

128 774 245 831 ‘Frater
265 780 298 829 ut
317 771 435 828 Aeneas
455 770 562 844 pelago
583 779 651 828 tuus
673 770 776 829 omnia
796 770 908 831 circum

130 851 245 912 ‘Litora
264 849 387 908 iactetur
406 847 483 908 odiis
505 848 631 907 Iunonis
652 852 787 921 acerbae,

130 933 228 992 ‘Nota
247 929 309 1000 tibi,
332 939 361 988 et
380 939 483 988 nostro
503 928 624 987 doluisti
645 948 737 1004 saepe
758 931 872 990 dolore.

131 1013 236 1072 ‘Nunc
257 1006 418 1069 Phoenissa
438 1019 521 1068 tenet
542 1008 624 1068 Dido
645 1009 825 1086 blandisque
847 1023 982 1072 moratur
1079 1018 1138 1090 670

131 1089 298 1163 ‘Vocibus;
328 1099 357 1148 et
377 1107 487 1161 vereor,
510 1108 571 1165 quo
595 1108 627 1148 se
653 1090 783 1149 Iunonia
803 1103 922 1151 vertant

132 1169 308 1246 ‘Hospitia;
333 1169 412 1227 haud
437 1179 520 1227 tanto
541 1167 669 1228 cessabit
690 1170 812 1230 cardine
832 1191 939 1232 rerum.

132 1249 296 1328 ‘Quocirca
315 1267 420 1324 capere
440 1258 510 1308 ante
530 1249 607 1309 dolis
628 1260 658 1308 et
679 1249 798 1325 cingere
819 1251 942 1311 flamma

132 1330 295 1408 ‘Reginam
315 1327 451 1400 meditor,
471 1348 510 1388 ne
530 1347 590 1405 quo
611 1348 644 1389 se
665 1329 790 1390 numine
811 1341 915 1403 mutet,

133 1413 208 1475 ‘Sed
231 1429 339 1486 magno
360 1411 480 1468 Aeneae
500 1427 618 1468 mecum
639 1420 777 1468 teneatur
798 1429 910 1470 amore.
1080 1419 1137 1494 675
1237 1429 1238 1480 l

134 1495 218 1570 ‘Qua
236 1491 331 1550 facere
351 1488 382 1548 id
402 1487 508 1564 possis,
530 1499 662 1548 nostram
683 1509 765 1548 nunc
786 1491 889 1568 accipe
909 1505 1056 1555 mentem.

134 1572 261 1649 ‘Regius
281 1569 379 1630 accitu
399 1568 459 1627 cari
480 1568 621 1644 genitoris
642 1571 680 1628 ad
702 1572 808 1630 urbem

135 1651 300 1715 ‘Sidoniam
322 1669 395 1727 puer
414 1647 456 1709 ire
476 1660 568 1725 parat,
591 1669 658 1708 mea
678 1647 808 1710 maxima
828 1669 908 1725 cura,

135 1737 241 1794 ‘Dona
260 1732 355 1791 serens
374 1731 481 1807 pelago
504 1741 533 1788 et
553 1728 679 1788 flammis
699 1730 842 1790 restantia
863 1733 972 1793 Troiae
977 1756 987 1808 ς

135 1817 245 1876 ‘Hunc
265 1831 320 1888 ego
340 1809 470 1887 sopitum
490 1828 597 1869 somno
618 1828 707 1886 super
727 1811 788 1870 alta
808 1813 939 1886 Cythera
1080 1820 1140 1877 680

137 1900 215 1956 ‘Aut
235 1911 324 1969 super
343 1889 470 1951 Idalium
491 1901 605 1949 sacrata
625 1892 696 1950 sede
717 1893 890 1964 recondam,

140 1979 205 2038 ‘Ne
226 1993 285 2051 qua
305 1972 378 2032 scire
399 1972 486 2030 dolos
506 1970 659 2030 mediusve
680 1990 834 2031 occurrere
855 1972 956 2048 possit.

137 2061 204 2117 ‘Tu
225 2053 330 2114 faciem
349 2051 427 2112 illius
448 2060 568 2111 noctem
588 2070 651 2111 non
672 2051 800 2128 amplius
820 2070 911 2110 unam

138 2139 239 2200 ‘Falle
259 2135 330 2195 dolo
350 2144 379 2194 et
400 2143 488 2192 notos
508 2131 592 2208 pueri
612 2150 686 2208 puer
707 2131 800 2191 indue
820 2134 930 2205 vultus,
1235 2155 1237 2260 A

139 2221 209 2291 ‘Ut,
231 2236 298 2276 cum
318 2225 348 2275 te
368 2213 480 2290 gremio
500 2211 627 2289 accipiet
647 2211 809 2272 laetissima
829 2212 913 2272 Dido
1081 2220 1137 2294 685

140 2299 284 2377 ‘Regales
304 2295 379 2355 inter
399 2312 517 2354 mensas
537 2291 715 2368 laticemque
737 2293 879 2369 Lyaeum,

139 2385 237 2445 ‘Cum
258 2375 343 2438 dabit
362 2377 517 2451 amplexus
538 2386 629 2449 atque
650 2374 752 2432 oscula
772 2373 872 2432 dulcia
893 2375 973 2450 figet,

141 2461 316 2527 ‘Occultum
336 2456 461 2533 inspires
482 2453 581 2532 ignem
602 2454 746 2529 fallasque
765 2456 902 2514 veneno.³

141 2549 229 2608 Paret
248 2544 341 2600 Amor
361 2535 448 2597 dictis
469 2554 554 2595 carae
575 2533 740 2610 genetricis,
762 2543 792 2594 et
812 2535 873 2592 alas

142 2625 229 2690 Exuit
250 2633 279 2684 et
299 2638 397 2700 gressu
418 2617 550 2696 gaudens
570 2614 682 2676 incedit
702 2613 770 2673 Iuli.
1080 2621 1140 2696 690

141 2714 182 2771 At
201 2709 304 2768 Venus
325 2700 455 2762 Ascanio
476 2697 624 2775 placidam
644 2714 698 2773 per
717 2694 850 2754 membra
871 2692 1004 2770 quietem

143 2789 263 2869 Inrigat‚
284 2797 314 2847 et
333 2785 428 2844 fotum
448 2779 559 2859 gremio
580 2779 637 2837 dea
657 2775 734 2836 tollit
753 2775 785 2834 in
806 2775 882 2834 altos

143 2871 257 2937 Idaliae
276 2871 369 2936 lucos,
390 2860 443 2924 ubi
461 2858 560 2921 mollis
580 2875 730 2918 amaracus
750 2854 834 2915 illum

144 2953 280 3020 Floribus
301 2959 332 3011 et
352 2943 431 3008 dulci
451 2939 604 3018 adspirans
624 2934 829 3013 complectitur
849 2938 963 2996 umbra.

145 3042 271 3112 Iamque
292 3031 355 3091 ibat
376 3026 457 3087 dicto
477 3040 584 3100 parens
606 3031 635 3080 et
654 3019 736 3078 dona
757 3014 877 3093 Cupido
1080 3023 1139 3100 695

146 3116 241 3193 Regia
260 3108 397 3189 portabat
417 3103 512 3178 Tyriis
532 3102 609 3159 duce
628 3100 723 3158 laetus
744 3097 867 3156 Achate.
1235 3139 1236 3154 ,

147 3199 225 3258 Cum
244 3188 335 3258 venit,
357 3182 467 3244 aulaeis
486 3181 545 3238 iam
566 3197 598 3237 se
618 3177 719 3253 regina
739 3175 894 3266 superbis·
1233 3155 1235 3260 i

147 3279 246 3335 Aurea
265 3260 433 3340 composuit
454 3257 570 3334 sponda
589 3257 778 3331 mediamque
799 3257 928 3330 locaut3
1234 3285 1235 3290 κ

149 3356 214 3413 Iam
234 3358 317 3431 pater
336 3346 454 3403 Aeneas
474 3334 584 3398 etiam
602 3334 734 3394 Troiana
754 3335 890 3396 iuventus

5 3593 117 3672 ἢ,
