2462 3678
374 67 615 130 AENEIDOS
639 71 725 130 ΜΒ.
755 72 823 132 VII.
1043 97 1099 156 299
1171 43 1173 48 V

76 193 196 254 Ardet
215 193 343 254 inexcita
363 195 497 255 Ausonia
516 206 607 272 atque
628 195 789 257 immobilis
809 210 886 259 ante.

80 277 172 334 Pars
194 277 286 351 pedes
307 274 349 336 ire
369 287 453 350 parat
473 277 594 352 campis,
616 297 682 353 pars
703 280 811 338 arduus
832 279 898 339 altis

82 356 327 414 Pulverulentus
348 355 432 431 equis
452 356 537 416 furit:
558 376 663 417 omnes
683 377 765 418 anna
784 360 945 436 requirunt.
1039 364 1096 438 625

85 437 172 493 Pars
194 437 273 495 leves
294 435 405 512 clipeos
426 448 456 495 et
475 436 589 513 spicula
608 437 707 498 lucida
727 450 844 516 tergunt

80 515 212 572 Arvina
232 514 342 591 pingui,
364 517 563 593 subiguntque
583 518 614 576 in
634 530 701 578 cote
722 538 857 595 secures;

83 595 250 671 Signaque
271 598 344 655 serre
365 595 453 668 iuvat,
475 597 647 673 sonitusque
667 598 767 658 audire
788 601 931 660 tubarum.

86 675 242 751 Quinque
263 677 340 736 adeo
361 696 485 754 magnae
506 677 609 754 positis
629 677 787 738 incudibus
808 682 894 740 urbes

84 757 177 814 Tela
196 766 317 828 novant,
337 756 428 816 Atina
446 768 562 833 potens,
584 758 736 836 Tiburque
758 761 926 836 superbum,
1037 764 1096 838 630

86 837 200 894 Ardea
222 837 471 913 Crustumerique.
483 848 513 898 et
532 838 690 914 turrigerae
709 841 885 900 Antemnae.

87 915 247 992 Tegmina
267 925 330 975 tuta
350 928 454 977 cavant
475 918 614 994 capitum,
634 919 814 996 flectuntque
836 921 962 997 salignas

90 997 279 1056 Umbonum
299 1007 413 1071 crates3
435 997 485 1056 alii
506 1000 640 1058 tlroracas
660 1003 760 1073 aenos,

88 1078 160 1136 Aut
180 1077 260 1136 leves
281 1095 382 1137 ocreas
402 1078 484 1138 lento
505 1080 617 1138 ducunt
637 1090 766 1154 argento.

89 1156 237 1216 Vomeris
257 1158 316 1216 huc
337 1168 366 1216 et
386 1158 468 1218 falcis
489 1159 593 1230 honos,
615 1161 675 1218 huc
696 1159 792 1220 omnis
812 1159 898 1221 aratri
1036 1165 1092 1239 ⁶35

54 1253 57 1258 ·
92 1236 198 1296 Cessit
218 1257 318 1311 amor;
339 1250 504 1314 recoquunt
524 1240 633 1315 patrios
654 1241 822 1300 fornacibus
842 1261 935 1301 enses.

93 1317 232 1376 Classica
251 1317 370 1394 iamque
391 1330 497 1378 sonant
507 1343 515 1394 3
538 1319 560 1378 it
580 1321 660 1380 bello
681 1331 791 1379 tessera
810 1321 934 1398 signum.

94 1397 163 1456 Hic
182 1399 297 1475 galeam
318 1398 404 1458 tectis
424 1400 555 1476 trepidus
575 1400 650 1476 rapit
659 1422 669 1474 5
691 1400 740 1461 ille
760 1403 917 1463 frementes

92 1479 147 1536 Ad
169 1477 237 1555 iuga
258 1479 336 1554 cogit
357 1498 468 1556 equos,
490 1479 679 1556 clipeumque
698 1501 829 1558 auroque
850 1483 973 1542 trilicem

94 1557 236 1618 Loricam
257 1558 395 1630 induitur,
416 1561 538 1636 fidoque
558 1561 721 1638 accingitur
741 1581 819 1623 ense.
1033 1566 1091 1635 640

138 1639 265 1698 Pandite
286 1659 365 1699 nunc
387 1641 545 1714 Helicona,
567 1643 649 1713 deae,
670 1654 832 1719 cantusque
853 1655 979 1715 movete,

95 1718 160 1794 Qui
180 1721 260 1780 bello
280 1721 368 1781 exciti
387 1741 478 1797 reges,
500 1741 577 1798 quae
597 1741 746 1798 quemque
767 1734 885 1784 secutae

95 1800 284 1876 Complerint
304 1820 426 1878 campos
446 1800 532 1876 acies,
555 1803 663 1879 quibus
684 1805 760 1862 Itala
780 1804 840 1862 iam
859 1814 923 1864 tum

95 1881 243 1940 Floruerit
263 1891 339 1959 terra
358 1884 437 1942 alma
455 1881 533 1954 viris,
554 1883 661 1958 quibus
682 1882 782 1942 arserit
802 1883 897 1942 armis.

94 1965 137 2021 Et
158 1960 332 2022 meministis
354 1962 441 2035 enim,
465 1962 558 2034 divae,
582 1975 611 2022 et
631 1982 794 2022 memorare
815 1961 956 2039 potestis:
1031 1965 1088 2038 645

94 2043 145 2101 Ad
167 2060 222 2100 nos
242 2042 290 2101 vix
310 2043 407 2102 tenuis
427 2045 523 2102 famae
543 2043 704 2118 perlabitur
723 2061 801 2100 aura

139 2122 253 2180 Primus
273 2121 327 2182 init
347 2124 458 2182 bellurn
479 2123 639 2199 Tyrrhenis
658 2141 745 2198 asper
764 2124 802 2181 ab
822 2121 881 2181 oris

95 2206 296 2278 Contemptor
316 2203 416 2263 divom
438 2204 613 2276 Mezentius,
635 2202 812 2280 agminaque
833 2214 933 2262 armat.

95 2284 189 2342 Filius
209 2283 280 2343 huic
298 2281 379 2343 iuxta
399 2285 522 2356 Lausus,
544 2303 605 2360 quo
625 2283 776 2360 pulchrior
794 2285 868 2343 alter

97 2367 170 2422 Non
190 2362 252 2435 fuit,
274 2374 399 2440 excepto
420 2364 574 2423 Laurentis
595 2382 718 2440 corpore
738 2363 839 2422 Turni.
1031 2365 1089 2440 650

96 2448 219 2514 Lausus,
241 2463 351 2519 equum
372 2445 500 2503 domitor
520 2445 741 2520 debellatorque
762 2446 895 2517 feramm,

97 2524 190 2584 Ducit
209 2524 345 2599 Agyllina
365 2523 545 2599 nequiquam
566 2543 603 2582 ex
622 2525 694 2584 urbe
715 2535 833 2584 secutos

97 2605 182 2664 Mille
202 2603 279 2664 viros
290 2627 299 2679 3
322 2604 436 2680 dignus,
458 2605 558 2679 patriis
579 2604 631 2680 qui
651 2605 755 2664 laetior
775 2615 852 2664 esset

98 2685 242 2760 Imperiis,
264 2696 293 2743 et
313 2685 362 2742 cui
382 2696 465 2761 pater
485 2685 565 2744 haud
587 2685 752 2744 Mezentius
774 2696 858 2744 esset.

138 2767 208 2825 Post
228 2765 284 2823 hos
303 2764 448 2840 insignem
469 2766 568 2840 palma
587 2783 641 2840 per
660 2763 792 2840 gramina
812 2784 928 2823 currum
1029 2768 1085 2841 ⁶55

97 2847 290 2920 Victoresque
311 2855 440 2904 ostentat
460 2863 553 2920 equos
573 2853 654 2903 satus
676 2845 808 2902 Hercule
828 2846 951 2920 pulchro

100 2926 222 2984 Pulcher
241 2923 426 2997 Aventinus3
447 2923 602 3001 clipeoque
623 2922 737 2999 insigne
757 2934 911 3000 paternum

100 3009 225 3068 Centum
245 3024 365 3080 angues,
386 3003 574 3078 cinctamque
595 3003 668 3079 gerit
688 3003 871 3078 serpentibus
893 3006 1028 3081 Hydram
1038 3027 1046 3079 ;

100 3086 188 3148 Collis
209 3085 348 3144 Aventini
370 3083 442 3142 silva
462 3101 551 3158 quem
572 3085 659 3161 Rhea
678 3085 816 3144 sacerdos

100 3165 246 3227 Furtivum
267 3176 352 3241 partu
373 3166 428 3222 sub
448 3163 567 3222 luminis
586 3163 680 3223 edidit
700 3183 774 3238 oras,
1018 3167 1088 3222 -660

101 3246 192 3307 Mixta
212 3247 270 3304 deo
290 3245 403 3316 mulier,
424 3254 584 3320 postquam
605 3244 762 3303 Laurentia
782 3244 876 3304 victor

101 3331 231 3403 Geryone
253 3324 383 3384 extincto
404 3323 575 3400 Tirynthius
595 3323 690 3401 attigit
710 3345 786 3396 arva,
