2494 3702
370 104 644 167 GEORGICON
657 104 742 163 LIB.
766 105 811 163 II.

84 235 162 294 Nec
184 233 264 293 casia
286 231 392 308 liquidi
413 232 609 309 corrumpitur
628 251 698 292 usus
719 231 789 292 olivi
799 253 809 307 ς

84 316 136 373 At
159 332 264 373 secura
284 312 369 390 quies
394 322 424 372 et
445 313 546 372 nescia
569 313 668 373 fallere
689 311 756 386 vita,

85 392 187 454 Dives
212 411 305 469 opum
325 392 477 463 variarum,
499 403 530 452 at
549 394 615 452 latis
636 393 697 452 otia
716 391 823 464 fundis,

87 475 271 550 Speluncae,
293 471 411 549 vivique
431 475 522 546 lacuS,
546 482 575 532 et
595 471 699 550 frigida
719 475 843 550 Tempe,

88 553 290 630 Mugitusque
315 554 415 625 boum,
441 554 606 628 mollesque
626 555 682 612 sub
702 554 805 613 arbore
826 552 922 613 somni

89 636 168 693 Non
189 634 311 706 absunt,
344 631 404 692 illic
427 635 518 692 saltus
540 652 574 692 ac
598 635 687 692 lustra
710 634 844 703 ferarum,

90 715 137 773 Et
156 713 272 790 patiens
295 731 418 789 operum
442 711 607 789 exiguoque
630 715 753 772 adsueta
774 711 917 784 iuventus,

90 796 186 854 Sacra
208 795 307 863 deum,
331 791 483 868 sanctique
505 803 622 869 patres,
656 806 786 853 extrema
807 812 859 869 per
882 792 949 851 illos

92 872 216 933 Iustitia
238 874 385 932 excedens
409 873 492 932 terris
513 873 635 949 vestigia
656 872 732 932 lecit.

139 957 194 1013 Me
214 972 284 1013 vero
304 953 431 1028 primum
451 954 554 1012 dulces
574 963 644 1012 ante
665 952 766 1012 omnia
786 954 905 1026 Musae,

95 1034 235 1108 Quarum
258 1052 340 1092 sacra
362 1034 425 1092 lero
446 1031 559 1108 ingenti
581 1052 737 1109 percussus
759 1051 869 1103 amore,

95 1113 265 1190 Accipiam,
288 1112 421 1188 caelique
445 1112 506 1172 vias
531 1123 560 1172 et
584 1112 680 1173 sidera
701 1123 875 1186 monstrent,

96 1195 244 1254 Defectus
265 1193 335 1252 soHs
358 1192 453 1252 varios
475 1194 622 1268 lunaeque
645 1192 777 1265 labores,

96 1276 193 1335 Unde
213 1284 323 1332 tremor
346 1272 436 1347 terris,
464 1292 523 1349 qua
546 1273 576 1332 vi
600 1273 690 1332 maria
711 1274 771 1332 alta
792 1283 957 1332 tumescant

97 1353 246 1415 Obicibus
268 1351 360 1429 ruptis
384 1372 541 1428 rursusque
564 1352 595 1410 in
619 1372 651 1412 se
671 1353 738 1429 ipsa
758 1352 896 1425 residant,

97 1433 183 1508 Quid
207 1443 322 1492 tantum
346 1435 469 1494 Oceano
493 1443 652 1509 properent
676 1451 708 1492 se
730 1433 862 1509 tinguere
886 1434 964 1492 soles

99 1513 239 1585 Hiberni,
264 1514 312 1572 vel
336 1532 413 1589 quae
436 1513 526 1572 tardis
550 1533 634 1572 mora
654 1512 791 1572 noctibus
816 1516 920 1574 obstet
958 1560 964 1572 .

99 1593 163 1664 Sin,
188 1594 242 1652 has
266 1612 304 1652 ne
326 1592 438 1668 possim
460 1603 581 1652 naturae
602 1595 742 1653 accedere
765 1602 871 1668 partes,

99 1673 237 1749 Frigidus
261 1673 406 1732 obstiterit
427 1671 536 1732 circum
560 1673 732 1749 praecordia
755 1673 880 1748 sanguis,

101 1757 187 1813 Rura
208 1751 279 1810 mihi
300 1765 329 1811 et
349 1751 422 1828 n'gui
442 1755 579 1828 placeant
599 1753 630 1812 in
650 1752 774 1812 vallibus
795 1772 905 1823 amnes

102 1833 241 1893 Flumina
264 1851 362 1892 amem
386 1834 532 1909 silvasque
554 1831 702 1908 inglorius.
745 1834 846 1893 Oubi
869 1829 968 1907 campi

101 1914 326 1990 Spercheosque
349 1922 380 1972 et
400 1912 560 1989 virginibus
581 1913 725 1971 bacchata
746 1912 888 1971 Lacaenis

101 1997 245 2070 Taygeta,
268 2012 287 2052 o
311 1992 362 2068 qui
382 2011 431 2052 me
450 1992 555 2069 gelidis
576 1992 757 2052 convallibus
782 1989 893 2050 Haemi

101 2072 201 2145 Sistat,
224 2085 253 2132 et
273 2071 384 2148 ingenti
405 2091 553 2132 ramorum
572 2083 707 2148 protegat
727 2071 852 2130 umbra?

102 2155 196 2226 Felix,
221 2151 272 2228 qui
295 2152 393 2230 potuit
414 2171 509 2211 rerum
532 2171 712 2230 cognoscere
735 2170 847 2222 causaS,

104 2237 206 2309 Atque
227 2242 322 2292 metus
343 2251 446 2292 omnes
469 2243 497 2292 et
518 2231 697 2292 inexorabile
717 2233 809 2289 saturn

102 2313 237 2375 Subiecit
256 2312 383 2390 pedibus
403 2312 617 2388 strepitumque
636 2311 812 2370 Acherontis
832 2309 918 2370 avari.

104 2398 284 2454 Fortunatus
306 2403 336 2452 et
355 2392 413 2464 ille,
435 2393 508 2451 deos
529 2392 579 2467 qui
600 2390 682 2450 novit
703 2402 838 2466 agrestes,

104 2477 247 2549 Panaque
268 2471 478 2546 Silvanumque
502 2490 603 2530 senem
628 2472 839 2547 Nymphasque
863 2488 984 2530 sorores

106 2555 196 2615 Illum
216 2571 278 2612 non
298 2551 402 2629 populi
421 2553 523 2624 fasces,
548 2570 609 2610 non
633 2569 762 2628 purpura
785 2569 885 2627 regum
1032 2561 1089 2620 495

104 2633 202 2694 Flexit
227 2644 256 2692 et
279 2631 386 2691 infidos
410 2631 524 2708 agitans
548 2630 694 2691 discordia
714 2632 823 2701 fratres,

104 2718 168 2774 Aut
189 2712 340 2772 coniurato
365 2713 549 2771 descendens
572 2712 672 2769 Dacus
696 2710 735 2769 ab
758 2709 870 2778 Histro,

105 2796 178 2853 Non
201 2811 247 2851 res
268 2795 424 2851 Romanae
445 2790 632 2866 perituraque
653 2808 759 2864 regna:
793 2807 890 2863 neque
911 2786 960 2845 ille

105 2878 167 2932 Aut
190 2871 285 2931 doluit
307 2871 447 2929 miserans
468 2870 589 2946 inopem
613 2880 663 2928 aut
686 2867 791 2927 invidit
814 2865 940 2926 habenti.

106 2955 191 3028 Quos
215 2949 288 3010 rami
309 2951 427 3020 fructus,
451 2969 525 3025 quos
549 2948 614 3024 ipsa
637 2947 766 3006 volentia
789 2966 856 3006 rura
1035 2959 1093 3017 500

106 3035 219 3107 Sponte
241 3031 332 3089 tulere
355 3048 416 3100 sua,
441 3028 555 3104 carpsit,
581 3047 637 3086 nec
660 3029 752 3086 ferrea
773 3026 834 3086 iura

107 3114 310 3185 Insanumque
333 3108 428 3169 torum
452 3119 502 3167 aut
523 3107 624 3184 populi
648 3105 790 3166 tabularia
812 3105 892 3166 vidit.

107 3190 272 3252 sollicitant
293 3186 342 3248 alii
365 3187 452 3246 remis
475 3189 549 3247 freta
569 3205 665 3257 caeca,
690 3197 836 3260 ruuntque

109 3273 146 3330 In
168 3271 284 3340 serrum,
306 3279 460 3343 penetrant
481 3269 561 3324 aulas
583 3278 612 3324 et
632 3265 734 3323 limina
753 3283 872 3338 regum;

109 3350 171 3410 Hic
190 3347 265 3425 petit
289 3345 409 3407 excidiis
430 3348 533 3403 urbem
556 3343 735 3414 miserosque
757 3351 885 3414 penaten
1036 3350 1091 3406 505
