2442 3686
398 81 639 141 AENEIDOS
661 82 747 139 LIB.
776 81 833 140 XI.
1048 97 1104 157 375

135 214 225 286 ‘Ipse
247 213 426 287 Mycenaeus
445 231 615 286 magnorum
635 213 737 270 ductor
755 211 899 269 Achivum

135 288 297 364 ‘Coniugis
317 288 451 347 infandae
472 290 563 364 prima
581 289 656 346 intra
675 289 774 347 limina
794 289 894 347 derna

135 366 288 442 ‘Oppetiit
296 387 306 440 ;
319 367 462 426 devictam
483 366 583 426 Asiam
604 367 734 426 subsedit
753 367 872 425 adulter.

136 445 301 504 ‘Invidisse
321 446 400 515 deos
423 445 521 519 patriis
540 451 573 503 ut
592 444 721 504 redditus
740 443 796 503 aris

135 523 332 599 ‘Coniugium
352 533 484 596 optatum
505 533 534 582 et
553 523 700 598 pulchram
720 523 872 597 Calydona
890 519 1030 580 viderem!
1050 534 1104 592 270

136 603 245 658 ‘Nunc
265 602 352 659 etiam
372 600 500 659 horribili
519 601 581 658 visu
603 611 736 674 portenta
755 610 922 674 sequuntur,

136 681 197 737 ‘Et
217 678 286 737 socii
307 678 402 737 amissi
422 678 566 753 petierunt
585 678 701 736 aethera
720 679 831 753 pennis

137 756 398 832 ‘Fluminibusque
419 768 556 832 vagantur
576 757 749 826 aves—heu
768 756 830 814 dira
849 773 981 814 meorum

138 835 305 909 ‘Supplicia
316 839 391 894 l-et
411 836 545 909 scopulos
565 833 722 892 lacrimosis
743 833 863 892 vocibus
883 833 1002 908 inplent.

138 915 245 971 ‘Haec
266 914 341 972 adeo
363 933 399 972 ex
420 912 470 971 illo
491 912 562 970 mihi
584 912 641 970 iarn
664 913 806 987 speranda
821 913 935 969 fuerunt
1049 925 1104 983 275

138 993 313 1065 ‘Tempore,
338 1010 427 1065 quum
449 993 522 1049 ferro
544 989 677 1050 caelestia
698 1009 819 1065 corpora
840 991 960 1048 demens

140 1068 283 1144 ‘Adpetii
306 1079 335 1126 et
356 1069 477 1128 Veneris
499 1068 602 1128 violavi
622 1070 739 1127 volnere
758 1069 895 1125 dextram.

140 1149 207 1204 ‘Ne
227 1163 304 1214 verO,
326 1166 363 1205 ne
385 1149 433 1205 rire
454 1149 491 1205 ad
513 1149 585 1206 tales
606 1145 733 1221 inpellite
755 1163 872 1220 pugnas

140 1226 225 1283 ‘Nec
247 1223 316 1282 mihi
332 1244 398 1282 cum
420 1225 539 1283 Teucris
560 1227 650 1282 ullum
674 1235 739 1298 post
760 1234 840 1281 eruta
861 1222 969 1282 bellum

140 1305 317 1377 ‘Pergama3
338 1323 392 1362 nec
413 1317 542 1362 veterum
564 1302 683 1360 memini
706 1303 834 1359 laetorve
856 1302 1008 1358 malorum.
1051 1303 1106 1357 280

140 1383 293 1452 ‘Munera
316 1400 390 1455 quae
412 1381 510 1456 patriis
531 1382 569 1439 ad
591 1400 638 1438 me
658 1378 777 1454 portatis
797 1381 835 1438 ab
856 1377 921 1449 oris,

140 1458 270 1517 ‘Vertite
291 1460 329 1516 ad
350 1462 481 1517 Aenean.
521 1458 657 1518 Stetimus
679 1459 736 1515 tela
757 1475 858 1531 aspera
880 1466 989 1527 contra,

141 1537 401 1611 ‘Contulimusque
423 1556 542 1596 manus:
562 1548 680 1610 experto
701 1535 818 1606 credite,
841 1545 965 1609 quantus

141 1617 198 1672 ‘In
219 1615 345 1689 clipeum
365 1616 508 1689 adsurgat,
532 1634 589 1689 quo
611 1613 723 1672 turbine
745 1623 876 1688 torqueat
899 1613 1019 1670 hastam.

141 1691 189 1751 ‘Si
212 1694 270 1750 duo
292 1703 438 1768 praeterea
462 1695 533 1750 tales
556 1694 646 1750 Idaea
666 1691 778 1749 tulisset
1053 1693 1107 1763 285

141 1771 250 1828 ‘Terra
270 1769 353 1840 viros,
376 1773 451 1828 ultro
474 1770 607 1828 Inachias
628 1769 753 1827 venisset
774 1769 812 1826 ad
832 1771 918 1828 urbes

142 1849 324 1918 ‘Dardanus
348 1858 377 1907 et
397 1849 485 1906 versis
508 1849 618 1922 lugeret
640 1846 762 1905 Graecia
782 1845 854 1905 satis.

142 1926 313 2000 ‘Quidquid
333 1927 412 2000 apud
435 1927 523 1984 durae
544 1935 685 1983 cessatum
708 1934 751 1982 est
772 1923 888 1982 moenia
908 1922 1028 1995 Troiae,

142 2003 300 2062 ‘Hectoris
322 2007 496 2079 Aeneaeque
518 2023 606 2061 manu
627 2002 745 2061 victoria
767 2001 885 2060 Graium

90 2140 92 2145 ,
142 2082 276 2151 ‘Haesit
301 2083 381 2140 etin
403 2083 549 2140 decimum
573 2081 691 2157 vestigia
712 2079 821 2138 rettulit
841 2098 958 2157 annum.
1055 2099 1111 2152 290

143 2162 259 2218 ‘Ambo
279 2161 390 2231 animis,
414 2162 501 2218 ambo
523 2159 649 2233 insignes
670 2157 879 2234 praestantibus
900 2157 1003 2227 armis;

144 2237 224 2296 ‘Hic
245 2237 351 2312 pietate
373 2239 455 2313 prior.
499 2240 612 2296 Coeant
633 2237 663 2294 in
685 2238 801 2296 foedera
822 2238 947 2314 dextrae,

145 2317 231 2388 ‘Qua
252 2318 352 2375 datur:
374 2327 418 2374 ast
439 2315 525 2374 armis
547 2326 720 2374 concurrant
741 2333 820 2376 anna
842 2315 968 2372 cavete.''

144 2397 202 2454 ‘Et
224 2413 361 2468 responsa
383 2394 466 2452 simul
488 2412 562 2469 quae
584 2393 649 2465 sint,
671 2413 721 2452 rex
742 2393 859 2468 optime,
881 2391 955 2468 regis

145 2473 288 2543 ‘Audisti
311 2483 341 2532 et
362 2492 436 2548 quae
457 2473 493 2531 sit
515 2491 619 2548 magno
641 2473 783 2531 sententia
805 2473 899 2530 bello!
1056 2484 1110 2542 295

183 2551 241 2609 Vix
262 2569 297 2610 ea
317 2551 403 2627 legati
412 2571 421 2623 3
441 2549 594 2625 variusque
615 2570 668 2626 per
688 2569 739 2608 ora
761 2548 885 2608 cucurrit

144 2629 327 2688 Ausonidum
349 2631 463 2687 turbata
482 2630 603 2687 fremor:
624 2648 679 2686 ceu
702 2647 769 2686 saxa
791 2637 938 2685 morantur

145 2709 245 2780 Quum
267 2707 383 2782 rapidos
404 2725 513 2778 amnes,
533 2708 565 2764 fit
586 2709 685 2764 clauso
706 2705 816 2780 gurgite
838 2722 973 2774 murmur,

143 2785 323 2859 Vicinaeque
344 2787 470 2843 fremunt
490 2784 569 2859 ripae
591 2783 798 2857 crepitantibus
819 2781 912 2839 undis.

146 2865 189 2924 Ut
210 2861 335 2937 primurn
356 2861 462 2938 placati
483 2861 580 2932 animi,
603 2871 633 2919 et
655 2861 766 2935 trepida
788 2879 839 2918 ora
859 2858 1001 2934 quierunt,
1056 2875 1114 2930 300

146 2943 294 3000 Praefatus
316 2940 399 3000 divos
421 2939 494 2999 solio
517 2959 567 2998 rex
588 2938 651 2996 infit
672 2941 710 2997 ab
732 2941 808 2997 alto:

184 3022 279 3077 ‘Ante
302 3019 437 3094 equidem
458 3037 573 3076 summa
593 3019 631 3076 de
652 3035 683 3075 re
703 3015 845 3087 statuisse,
868 3013 973 3084 Latini,

144 3100 201 3157 ‘Et
221 3099 334 3168 vellem,
358 3108 387 3154 et
408 3098 500 3154 fuerat
520 3095 641 3168 melios;
662 3113 722 3153 non
744 3104 873 3169 tempore
895 3093 946 3152 tali

145 3178 277 3250 ‘Cogere
298 3174 462 3244 concilium,
486 3193 575 3249 quum
598 3191 696 3232 muros
719 3171 835 3231 adsidet
855 3170 954 3230 hostis

145 3255 277 3312 ‘Bellum
296 3252 493 3328 inportunum,
513 3252 599 3325 cives,
621 3261 794 3327 cumgente
815 3252 945 3324 deorum,
1058 3263 1114 3324 305
