2468 3692
131 137 189 210 366
382 134 418 191 P.
453 128 663 189 VERGILII
684 125 897 184 MARONIS

132 259 284 320 Omnibus
325 259 499 334 Adloquitur
519 270 704 330 maerentem,
726 271 756 319 et
778 261 883 319 talibus
906 260 988 318 infit:
1052 262 1107 320 860
1215 267 1216 332 l

132 339 282 409 ‘Rhaebq
304 338 354 396 diu
376 337 433 414 (res
456 337 480 396 si
503 357 561 414 qua
581 339 630 397 diu
654 339 822 398 mortalibus
843 341 904 397 ulla
926 339 985 413 est)

132 415 290 474 ‘Viximus
331 418 391 475 Aut
414 416 502 474 hodie
523 416 615 475 victor
637 418 730 491 spolia
751 417 800 474 illa
822 430 942 475 cruenta

132 495 189 552 ‘Et
212 505 299 569 caput
321 496 440 553 Aeneae
461 495 575 564 reseres,
600 496 745 570 Lausique
766 496 901 558 dolorum

132 573 240 632 ‘Ultor
262 572 317 630 eris
338 591 471 631 mecumt
497 583 556 644 aut,
580 574 671 647 aperit
694 574 718 631 si
741 575 820 631 nulla
842 573 920 630 viam
941 572 994 640 vis,

132 652 317 710 ‘Occumbes
334 651 447 726 pariter.
489 653 593 725 Neque
616 651 703 720 enirn,
725 652 886 720 fortissime,
909 653 1007 721 cred0,
1050 653 1105 728 865
1215 655 1216 714 i

133 730 235 786 ‘Iussa
255 729 350 786 aliena
370 728 432 804 pati
454 739 484 788 et
506 729 641 788 dominos
663 730 819 804 dignabere
840 732 988 788 Teucros)

133 805 221 876 Dixit,
245 816 273 865 et
297 818 434 882 exceptus
454 817 535 882 tergo
559 818 698 866 consueta
719 808 825 866 locavit

133 886 274 956 Membra,
299 903 460 960 manusque
485 888 585 943 ambas
608 885 708 942 iaculis
731 886 861 944 oneravit
881 886 983 956 acutis,

130 965 207 1022 Aere
229 975 318 1039 caput
337 965 459 1037 fulgens,
481 963 624 1038 cristaque
648 963 772 1021 hirsutus
795 964 909 1038 equina

131 1041 178 1100 Sic
199 1061 314 1100 cursum
334 1043 366 1100 in
386 1042 499 1100 medios
519 1041 635 1115 rapidus
653 1042 741 1100 dedit
783 1044 905 1100 Aestuat
922 1040 1027 1118 ingens
1049 1047 1106 1117 870

131 1120 203 1189 Urio
226 1120 256 1178 in
279 1121 367 1179 corde
388 1121 489 1195 pudor,
514 1119 662 1194 mixtoque
684 1119 797 1177 insania
817 1121 914 1192 luctu;

132 1195 183 1276 [Et
205 1198 283 1256 furiis
306 1200 428 1273 agitatus
449 1217 539 1268 amor,
563 1208 593 1256 et
616 1197 734 1256 conscia
753 1196 864 1276 virtus]

133 1279 227 1350 Atque
248 1277 296 1335 hic
317 1278 439 1334 Aenean
462 1294 568 1351 magna
590 1286 633 1334 ter
651 1295 724 1334 voce
746 1277 868 1334 vocavit

133 1357 246 1414 Aeneas
268 1353 408 1429 adgnovit
428 1354 515 1425 euim,
539 1355 689 1428 laetusque
710 1365 860 1428 precatur:

131 1432 197 1492 ‘Sic
218 1443 300 1507 pater
320 1433 369 1491 ille
390 1434 477 1491 deum
500 1432 594 1502 faciat,
616 1432 658 1490 sic
678 1434 753 1490 altus
773 1434 900 1508 Apollo!

133 1510 278 1585 ‘Incipias
301 1513 431 1569 conferre
454 1513 590 1568 manum)

72 1627 74 1631 -
133 1591 259 1647 Tantum
282 1592 390 1660 effatus,
414 1600 444 1646 et
467 1589 570 1648 infesta
591 1589 668 1648 subit
688 1588 791 1647 obvius
812 1589 901 1647 hasta

134 1669 185 1726 llle
207 1678 322 1726 autern:
351 1666 448 1740 ‘Quid
472 1686 519 1726 me
543 1679 651 1742 erepto,
676 1667 849 1738 saevissime,
872 1677 942 1724 nato

132 1747 274 1804 ‘Terres?
314 1747 399 1803 Haec
420 1745 467 1803 via
487 1747 551 1804 sola
570 1746 631 1818 fuit,
655 1764 714 1820 qua
733 1747 854 1820 perdere
876 1764 983 1820 posses

133 1825 215 1882 ‘Nec
237 1834 359 1882 mortem
381 1824 539 1895 hortemur,
563 1842 618 1882 nec
639 1824 738 1882 divom
760 1823 903 1898 parcimus
924 1824 981 1880 ulli.
1046 1826 1101 1882 880

130 1901 279 1962 ‘Desinez
305 1902 362 1959 iarn
383 1901 470 1960 venio
493 1902 654 1973 moriturus,
676 1913 706 1960 et
729 1904 802 1970 haee
824 1901 877 1960 tibi
897 1913 982 1976 porto

131 1983 239 2039 ‘Dona
261 1980 357 2056 prius'
397 1981 487 2052 Dixit,
508 1982 656 2056 telumque
680 1979 793 2038 intorsit
813 1980 844 2037 in
865 1980 998 2050 hostem3

131 2061 205 2118 Inde
228 2060 306 2118 aliud
330 2069 522 2134 superatque
546 2058 624 2117 aliud
645 2058 764 2134 figitque
784 2059 922 2133 volatque

130 2139 246 2212 Ingenti
267 2156 355 2214 gyro:
382 2138 434 2196 sed
456 2137 578 2196 sustinet
600 2155 702 2195 aureus
724 2137 822 2194 umbo.

129 2219 188 2274 Ter
211 2217 319 2275 circum
339 2216 501 2274 adstantem
525 2217 622 2274 laevos
647 2215 785 2289 equitavit
808 2215 837 2272 in
860 2215 953 2285 orbes,
1045 2218 1097 2290 885

129 2296 202 2353 Tela
222 2313 310 2353 manu
334 2293 459 2366 iaciens;
485 2305 530 2352 ter
549 2313 648 2352 secum
669 2296 773 2351 Troius
795 2293 881 2351 heros

130 2376 283 2431 Inmanem
303 2383 401 2430 aerato
422 2371 584 2431 circumfert
604 2371 730 2446 tegmine
752 2370 861 2428 silvam.

129 2452 206 2510 Inde
228 2449 279 2510 ubi
302 2461 346 2509 tot
368 2451 487 2508 traxisse
510 2469 613 2522 moras,
637 2460 680 2508 tot
701 2447 812 2524 spicula
834 2449 933 2507 taedet

129 2531 251 2602 Vellere,
275 2539 304 2588 et
324 2539 460 2604 urguetur
481 2547 579 2603 pugna
601 2547 770 2602 congressus
794 2527 901 2601 iniqua,

130 2609 225 2667 Multa
246 2625 367 2667 movens
388 2607 485 2665 animo
503 2607 561 2664 iam
582 2607 700 2664 tandem
722 2606 854 2680 erumpit,
872 2616 901 2663 et
921 2603 995 2664 inter
1045 2610 1102 2683 890

130 2687 278 2746 Bellatoris
300 2685 367 2760 equi
390 2704 462 2743 cava
484 2695 615 2759 tempora
636 2683 753 2742 coniicit
775 2684 895 2741 hastam.

129 2766 219 2824 Tollit
242 2785 273 2824 se
297 2774 438 2822 arrectum
460 2763 634 2836 quadrupes,
657 2773 686 2820 et
707 2763 835 2820 calcibus
858 2780 941 2819 auras

128 2845 277 2916 Verberat,
302 2842 481 2916 effusumque
505 2841 632 2916 equitem
653 2859 739 2914 super
761 2839 824 2914 ipse
844 2850 959 2899 secutus

130 2922 263 2996 Inplicat,
287 2920 438 2994 eiectoque
459 2918 600 2976 incumbit
622 2937 744 2976 cernuus
767 2936 856 2976 armo.

129 3001 264 3057 Clamore
285 2999 444 3054 incendunt
464 2997 577 3054 caelum
595 2998 743 3070 Troesque
763 2995 923 3070 Latinique.
1047 3001 1101 3075 895

128 3075 255 3129 Advolat
276 3076 401 3143 Aeneas,
425 3073 585 3146 vaginaque
609 3072 693 3146 eripit
714 3092 823 3144 ensem,

129 3149 167 3203 Et
188 3148 384 3218 superhaec:
413 3147 493 3205 ‘Ubi
514 3167 592 3206 nunc
616 3149 779 3210 Mezentius
800 3168 875 3222 acer,
898 3161 928 3208 et
949 3149 1000 3210 illa

130 3221 244 3276 ‘Effera
263 3221 307 3277 vis
328 3221 448 3280 animir'
489 3226 598 3282 Contra
621 3227 795 3300 Tyrrhenus,
817 3239 849 3286 ut
873 3247 957 3288 auras

129 3294 292 3367 Suspiciens
311 3295 405 3352 hausit
427 3300 546 3370 caelum,
569 3312 755 3378 mentemque
778 3305 906 3380 recepit:
