2488 3694
141 86 198 144 208
388 88 425 146 P.
461 88 651 147 VERGILI
672 88 884 148 MARONIS

140 217 231 274 Arma
251 233 355 274 amens
375 213 457 288 vidit,
479 212 593 290 magnis
614 214 749 274 exterrita
769 215 908 277 monstris

142 293 276 370 Deriguit
296 294 360 353 visu
380 293 411 353 in
432 295 531 354 medio
541 316 550 367 3
574 296 655 354 calor
675 314 742 354 ossa
760 296 876 372 reliquit
887 319 895 369 ;

142 373 271 446 Labitur,
294 385 323 434 et
344 375 434 450 longo
455 374 503 433 vix
523 377 644 434 tandem
666 385 799 451 tempore
820 378 915 438 satur:

144 457 271 515 ‘Verane
292 464 322 514 te
341 456 440 526 facies,
453 474 539 514 verus
560 456 633 514 mihi
653 456 773 515 nuntius
794 458 887 530 affers,
1086 478 1143 534 310

143 536 237 595 ‘Nate
257 535 331 594 dea?
357 533 487 595 vivisne?
513 546 571 607 aut,
586 537 611 594 si
631 538 682 594 lux
701 537 780 595 alma
799 537 927 610 recessit,

144 618 276 675 ‘Hector
295 614 346 674 ubi
367 617 441 674 est?'
468 615 549 690 dixit,
564 616 756 692 lacrimasque
776 617 878 676 effudit
899 630 929 678 et
950 637 1075 680 omnem

144 695 281 772 Implevit
300 697 429 755 clamore
448 697 554 754 locum.
597 697 655 754 Vix
676 716 770 772 pauca
789 699 896 756 furenti

142 774 261 836 Subicio
281 786 310 834 et
331 775 401 834 raris
421 777 555 835 turbatus
574 776 697 836 vocibus
718 777 818 835 hisco:

145 854 233 915 ‘Vivo
255 855 403 930 equidem,
418 856 569 930 vitamque
590 869 719 916 extrema
739 876 793 932 per
813 857 913 917 omnia
934 861 1015 918 duco
1020 883 1030 934 ;
1085 877 1139 936 315

145 938 209 996 ‘Ne
230 937 341 1007 dubita,
357 955 426 994 narn
447 955 516 995 vera
536 937 625 996 vides.

146 1019 234 1082 ‘Heu
255 1015 320 1092 quis
341 1027 370 1075 te
392 1035 476 1075 casus
498 1017 645 1076 deiectam
666 1017 791 1093 coniuge
813 1028 897 1076 tanto

146 1096 287 1172 ‘Excipit
304 1107 354 1156 aut
375 1115 451 1172 quae
472 1097 562 1172 digna
583 1097 652 1156 satis
673 1100 790 1157 fortuna
810 1098 925 1156 revisit?

146 1176 303 1237 ‘Hectoris
324 1178 533 1236 Andromache
555 1177 686 1254 Pyrrhin'
707 1177 835 1237 conubia
855 1179 984 1240 servasi'

146 1256 262 1317 Deiecit
283 1258 397 1317 vultum
418 1268 447 1317 et
468 1257 596 1317 demissa
616 1277 690 1318 voce
711 1261 810 1317 locuta
831 1269 893 1333 est,
1087 1280 1141 1337 3²0

147 1340 191 1399 ‘O
212 1337 281 1397 felix
300 1357 360 1396 una
381 1349 449 1397 ante
470 1337 542 1396 alias
564 1337 708 1397 Priameia
728 1338 818 1415 virg0,

147 1420 314 1477 ‘Hostilem
336 1419 375 1476 ad
396 1420 540 1476 tumulum
562 1417 669 1478 Troiae
690 1419 743 1478 sub
764 1418 921 1478 moenibus
941 1419 1008 1479 altis

147 1502 249 1557 ‘Iussa
268 1498 351 1571 mori,
369 1517 445 1574 quae
466 1497 584 1557 sortitus
604 1518 666 1557 non
687 1499 805 1574 pertulit
825 1501 901 1559 ullos

148 1581 193 1638 ‘N
197 1599 231 1638 ec
250 1578 368 1638 victoris
388 1577 450 1636 heri
471 1577 564 1654 tetigit
585 1579 701 1655 captiva
722 1580 837 1639 cubile!

147 1661 228 1720 ‘Nos
249 1659 343 1736 patria
362 1657 484 1717 incensa
504 1660 619 1718 diversa
639 1679 691 1736 per
711 1678 841 1736 aequora
860 1671 961 1720 vectae
1087 1681 1140 1738 325

59 1796 61 1801 .
148 1741 266 1816 ‘Stirpis
287 1738 437 1798 Achilleae
457 1741 549 1798 fastus
569 1741 766 1815 iuvenemque
787 1742 956 1816 superbum,

149 1819 287 1881 ‘Servitio
308 1819 419 1891 enixae,
434 1820 573 1892 tulimus;
602 1819 652 1895 qui
672 1820 782 1879 deinde
802 1832 919 1880 secutus

148 1901 313 1960 ‘Ledaeam
335 1900 521 1960 Hermionen
543 1901 854 1976 Lacedaemoniosque
875 1903 1058 1978 hymenaeos

148 1984 217 2041 ‘Me
238 1982 348 2040 famulo
368 1981 568 2056 famulamque
590 1983 710 2040 Heleno
731 1980 891 2040 transmisit
910 1982 1088 2043 habendam.

148 2065 220 2121 ‘Ast
240 2061 322 2119 illum
343 2072 463 2135 ereptae
483 2081 592 2138 magno
612 2063 777 2121 flammatus
798 2081 898 2122 amore
1084 2084 1141 2140 330

149 2141 307 2218 ‘Coniugis
328 2151 358 2200 et
378 2143 520 2200 scelernm
540 2141 620 2200 furiis
641 2141 766 2218 agitatus
788 2145 908 2202 Orestes

150 2222 284 2298 ‘Excipit
304 2221 455 2280 incautum
476 2222 643 2298 patriasque
665 2224 822 2282 obtruncat
842 2224 880 2282 ad
901 2243 974 2282 aras.

148 2306 265 2362 ‘Morte
287 2301 478 2377 Neoptolemi
499 2322 655 2378 regnorum
676 2303 791 2361 reddita
811 2303 900 2363 cessit

148 2387 236 2442 ‘Pars
258 2384 386 2456 Helen0,
404 2382 456 2458 qui
475 2383 627 2444 Chaonios
648 2383 825 2459 cognomine
846 2403 968 2460 campos

149 2461 393 2539 ‘Chaoniamque
415 2482 535 2522 omnem
557 2462 687 2523 Troiano
708 2483 727 2522 a
748 2465 871 2524 Chaone
892 2465 973 2539 dixit,

150 2547 367 2620 ‘Pergamaque
389 2543 569 2620 Iliacamque
590 2543 666 2620 iugis
686 2545 765 2602 hanc
785 2544 902 2604 addidit
920 2565 1028 2606 arcem.

150 2627 225 2685 ‘Sed
246 2624 301 2682 tibi
323 2624 374 2699 qui
395 2643 513 2682 cursum
533 2624 621 2698 venti,
640 2643 716 2699 quae
736 2626 797 2683 sata
817 2626 944 2685 dedere?

150 2710 226 2764 ‘Aut
247 2704 382 2781 quisnam
403 2704 536 2780 ignarum
558 2705 665 2763 nostris
686 2707 759 2764 deus
780 2705 895 2781 appulit
915 2705 991 2765 oris?

150 2785 250 2862 ‘Quid
270 2803 343 2861 puer
363 2783 525 2843 Ascanius?
552 2797 708 2860 superatne
728 2795 758 2844 et
778 2787 905 2846 vescitur
924 2789 1012 2845 aura?

151 2868 265 2942 ‘Quem
286 2864 340 2924 tibi
361 2865 420 2922 iam
441 2863 531 2922 Troia

150 2949 271 3022 ‘Ecqua
291 2954 390 3002 tamen
412 2963 504 3019 puero
526 2955 570 3003 est
591 2945 714 3004 amissae
735 2965 805 3004 cura
824 2946 977 3022 parentis?

150 3025 285 3099 ‘Ecquid
305 3024 336 3082 in
357 3023 509 3099 antiquam
529 3024 667 3083 virtutem
686 3025 861 3102 animosque
882 3026 978 3085 viriles

150 3108 208 3162 ‘Et
228 3114 311 3176 pater
331 3105 447 3159 Aeneas
468 3114 499 3160 et
517 3105 680 3162 avunculus
702 3105 809 3164 excitat
831 3105 975 3165 Hector?'

150 3181 237 3238 Talia
256 3180 400 3236 fundebat
420 3181 574 3238 lacrimans
594 3185 758 3259 longosque
778 3185 877 3243 ciebat

152 3261 305 3316 Incassum
326 3257 420 3324 fletus,
436 3274 503 3313 cum
526 3277 590 3316 sese
609 3279 628 3317 a
647 3265 804 3322 moenibus
824 3265 910 3323 heros

153 3333 315 3392 Priamides
335 3333 435 3389 multis
457 3335 591 3392 Helenus
612 3340 819 3401 comitantibus
840 3345 923 3401 affert
