2460 3686
145 47 202 124 256
394 47 432 106 P.
469 46 659 106 VERGILI
680 44 893 104 MARONIS

184 177 342 253 Extemplo
363 174 461 236 socios
483 175 671 252 primumque
693 173 814 234 arcessit
834 177 977 249 Acesten,

145 258 185 316 Et
209 255 290 317 lovis
312 255 466 332 imperium
489 265 520 316 et
542 255 601 316 cari
624 267 783 332 praecepta
805 254 934 331 parentis

146 337 270 408 Educet,
294 347 325 396 et
348 355 425 414 quae
450 355 530 396 nunc
551 335 652 395 animo
674 335 820 395 sententia
840 345 968 396 constet

147 417 239 477 Haud
260 435 343 476 mora
366 415 505 487 consiliis,
529 435 585 476 nec
608 415 687 475 iussa
709 427 825 475 recusat
846 417 981 474 Acestes

145 496 356 556 Transcribunt
379 495 445 556 urbi
469 507 585 568 matres,
610 497 813 574 populumque
834 498 987 554 volentem
1089 509 1141 568 750
1198 489 1199 502 ¹

146 579 318 655 Deponunt,
342 575 458 636 animos
480 576 523 634 nil
546 595 671 650 magnae
694 576 790 634 laudis
814 585 941 652 egentes

147 657 208 734 Ipsi
229 668 353 716 transtra
376 666 495 726 novant,
517 656 704 732 flammisque
725 656 846 715 ambesa
865 664 1018 731 reponunt

146 738 268 798 Robora
290 735 421 813 navigiis,
446 746 550 813 aptant
577 754 735 812 remosque
748 737 957 811 rudentesque,

146 816 252 894 Exigui
274 835 406 888 numero,
432 818 485 876 sed
507 818 586 876 bello
607 815 706 876 vivida
723 815 821 875 virtus.

147 899 264 957 Interea
285 899 401 958 Aeneas
420 899 524 956 urbem
548 895 683 972 designat
704 906 808 966 aratr0,

146 977 328 1053 Sortiturque
348 977 473 1050 domos;
499 978 557 1036 hoc
580 977 677 1046 Ilium,
703 987 733 1036 et
756 977 831 1036 haec
855 977 921 1034 loca
939 975 1066 1035 Troiam

147 1059 221 1116 Esse
243 1057 334 1117 iubet.
377 1058 495 1117 Gaudet
513 1075 604 1132 regno
626 1056 772 1116 Troianus
794 1059 926 1125 Acestes,

148 1136 318 1212 Indicitque
342 1138 446 1206 lorum,
469 1147 499 1196 et
520 1137 652 1212 patribus
670 1138 721 1196 dat
743 1135 806 1195 iura
827 1136 947 1196 voeatis

147 1220 226 1276 Tum
249 1216 346 1276 vicina
367 1215 452 1276 astris
474 1216 602 1292 Erycino
624 1215 655 1274 in
679 1216 787 1276 vertice
812 1217 897 1277 sedes

148 1297 301 1356 Fundatur
322 1296 430 1357 Veneri
456 1296 576 1366 Idaliae,
599 1298 773 1373 tumuloque
798 1297 935 1357 sacerdos

146 1380 192 1436 Ac
209 1378 293 1436 lucus
316 1378 375 1437 late
400 1396 481 1436 sacer
505 1377 622 1436 additur
645 1377 803 1436 Anchiseo.

147 1458 272 1532 Iamque
297 1457 360 1516 dies
381 1458 500 1533 epulata
522 1476 629 1516 novem
653 1476 726 1533 gens
748 1456 853 1527 omnis,
876 1467 906 1516 et
928 1456 988 1517 aris

148 1540 255 1596 Factus
279 1537 393 1607 honos;
420 1536 530 1612 placidi
550 1547 712 1597 straverunt
736 1556 864 1613 aequora
887 1537 978 1607 venti,

148 1619 259 1678 Creber
277 1628 307 1677 et
331 1617 461 1692 aspirans
484 1637 581 1676 rursus
604 1626 692 1676 vocat
717 1620 823 1676 Auster
844 1616 875 1676 in
895 1619 999 1676 altum.

148 1695 284 1756 Exoritur
305 1716 448 1774 procurva
470 1695 574 1773 ingens
598 1716 651 1773 per
672 1696 758 1756 litora
784 1698 884 1771 fletus;
1089 1699 1139 1774 7⁶5

148 1775 304 1852 Complexi
325 1775 400 1836 inter
423 1795 456 1836 se
479 1787 659 1852 noctemque
681 1778 819 1853 diemque
842 1787 1000 1838 morantur.

148 1859 236 1933 Ipsae
260 1856 318 1916 iam
342 1867 458 1929 matres,
483 1857 547 1933 ipsi,
573 1859 681 1933 quibus
702 1877 806 1933 aspera
827 1857 979 1933 quondam
1200 1854 1201 1932 1

147 1936 220 1995 Visa
242 1935 331 1995 maris
353 1937 442 1996 facies
461 1948 491 1996 et
513 1956 573 1996 non
597 1937 749 1997 tolerabile
772 1955 891 2007 numen,

148 2019 196 2076 Ire
218 2018 330 2088 volunt,
357 2035 537 2093 omnemque
559 2020 644 2094 fugae
668 2019 793 2094 perferre
817 2019 957 2078 laborem.

149 2097 233 2170 Quos
247 2097 344 2156 bonus
365 2097 482 2157 Aeneas
503 2097 589 2156 dictis
609 2099 719 2158 solatur
738 2097 850 2169 amicis,
1088 2117 1139 2175 77ο

148 2178 188 2234 Et
210 2176 430 2251 consanguineo
454 2177 610 2238 lacrimans
633 2180 825 2237 commendat
843 2181 977 2236 Acestae.

147 2258 222 2316 Tres
246 2255 334 2332 Eryci
357 2255 466 2316 vitulos
488 2268 517 2316 et
541 2258 782 2334 Tempestatibus
804 2277 911 2334 agnam

148 2337 281 2395 Caedere
306 2334 413 2395 deinde
436 2335 526 2409 iubet,
552 2338 684 2413 solvique
709 2357 746 2396 ex
767 2339 871 2397 ordine
894 2339 1007 2396 funem.

148 2417 226 2490 Ipse,
252 2426 340 2491 caput
363 2425 466 2475 tonsae
489 2417 566 2476 foliis
591 2417 722 2476 evinctus
743 2418 846 2489 olivae,

147 2496 234 2554 Stans
256 2497 361 2571 procul
383 2495 413 2553 in
435 2515 522 2571 prora
542 2509 672 2573 pateram
696 2508 786 2568 tenet,
809 2508 935 2572 extaque
957 2498 1054 2556 salsos
1086 2515 1136 2575 775

149 2574 272 2633 Potricit
292 2573 324 2632 iu
347 2575 461 2647 fluctus,
483 2595 519 2635 ac
538 2577 607 2636 vina
628 2577 771 2652 liquentia
793 2577 896 2636 fundit

149 2653 338 2730 Prosequitur
361 2673 481 2730 surgens
503 2675 521 2714 a
542 2655 635 2732 puppi
656 2667 762 2715 ventus
786 2667 896 2716 euntes

148 2735 290 2795 Certatim
315 2732 386 2793 socii
409 2733 516 2793 feriunt
534 2754 622 2805 mare,
647 2746 676 2794 et
699 2754 829 2811 aequora
850 2747 976 2798 verrunt.

187 2818 228 2873 At
250 2815 353 2872 Venus
374 2812 486 2874 interea
510 2816 684 2890 Neptunum
708 2815 834 2875 exercita
854 2816 930 2876 curis

147 2893 333 2968 Adloquitur,
355 2896 488 2970 talesque
510 2895 635 2953 effundit
655 2905 776 2970 pectore
799 2907 938 2971 questus:
989 2918 995 2926 ·
1085 2904 1136 2976 780

149 2972 293 3031 ‘Iunonis
313 2972 407 3048 gravis
428 2972 478 3044 ira,
503 2992 559 3033 nec
581 2975 772 3034 exsaturabile
795 2987 900 3050 pectus

149 3053 286 3128 ‘Cogunt
307 3070 364 3122 me,
384 3054 531 3128 Neptune,
556 3072 658 3128 preces
680 3055 859 3114 descendere
882 3054 914 3114 in
938 3075 1062 3133 omnes3

149 3133 264 3206 ‘Quam
285 3148 342 3189 nec
365 3131 455 3206 longa
475 3131 547 3202 dies,
568 3132 663 3208 pietas
683 3152 740 3193 nec
759 3133 873 3210 mitigat
893 3137 960 3208 ulla,

149 3212 233 3268 ‘Nec
258 3208 338 3268 Iovis
360 3208 485 3282 imperio
507 3210 612 3270 setisve
634 3212 755 3271 infracta
775 3213 906 3288 quiescit.

149 3290 237 3348 ‘Non
261 3285 360 3346 media
381 3287 419 3344 de
441 3298 528 3362 gente
548 3290 695 3365 Phrygum
719 3292 852 3352 exedisse
876 3294 1011 3356 nefandis
1082 3303 1133 3379 785
