2460 3686
405 104 644 166 AENEIDOS
661 105 746 164 LIB.
777 105 822 164 II.
1054 102 1106 175 185

102 234 175 294 Sub
195 235 381 312 pedibusque
394 234 483 307 deae,
505 232 652 309 clipeique
672 235 728 294 sub
749 235 820 293 orbe
841 191 1004 351 teg&

102 315 193 373 Tum
212 332 282 374 vero
302 315 472 374 tremefacta
492 333 587 376 novus
607 331 659 390 per
678 324 799 388 pectora
819 313 935 374 cunctis

104 392 248 454 Insinuat
267 414 376 471 pavor,
398 405 427 454 et
446 395 542 454 scelus
563 392 738 469 expendisse
758 405 921 455 merentem

104 474 287 534 Laocoonta
306 476 412 546 serunt,
434 493 549 533 sacrum
569 473 621 550 qui
641 472 764 549 cuspide
783 476 873 534 robur
923 544 925 555 1
1049 494 1064 533 2
1068 496 1106 552 30

104 552 253 628 Laeserit,
274 565 303 614 et
323 565 406 630 tergo
425 556 597 614 sceleratam
616 553 764 614 intorserit
783 555 905 614 hastam.

104 633 293 694 Ducendum
313 635 353 693 ad
373 635 459 695 sedes
478 633 673 708 simulacrum,
695 635 867 712 orandaque
887 633 972 704 divae

106 713 243 772 Numina
263 716 456 774 conclamant.

105 791 279 853 Dividimus
299 814 399 855 muros
420 806 450 854 et
469 793 589 856 moenia
608 793 765 872 pandimus
785 794 873 856 urbis.

104 873 278 950 Accingunt
298 894 402 935 omnes
423 875 514 952 operi,
536 874 722 951 pedibusque
741 885 870 934 rotarum
1048 894 1102 951 235

105 953 264 1013 Subiciunt
283 956 391 1031 lapsuS,
411 966 442 1015 et
462 967 586 1031 stuppea
605 955 723 1015 vincula
742 957 820 1016 collo

106 1035 282 1095 Intenduut.
325 1035 445 1095 Scandit
464 1035 560 1094 fatalis
580 1035 718 1094 machina
737 1054 846 1106 muros

105 1116 182 1173 Feta
202 1114 309 1176 armis:
335 1115 419 1192 pueri
438 1114 548 1174 circum
569 1115 768 1192 innuptaeque
788 1115 904 1192 puellae

104 1195 196 1253 Sacra
216 1207 334 1268 canunt,
355 1197 516 1273 funemque
535 1214 627 1255 manu
648 1195 817 1271 contingere
837 1196 976 1271 gaudent.

104 1275 164 1334 Illa
184 1275 271 1348 subit,
292 1276 466 1352 mediaeque
485 1274 602 1336 minans
622 1275 761 1335 inlabitur
780 1275 854 1334 urbi.
1043 1293 1100 1346 240

103 1357 133 1416 Ο
154 1355 257 1431 patria,
279 1375 298 1415 0
318 1355 419 1415 divom
438 1357 545 1423 domus
567 1355 665 1426 Ilium,
662 1367 717 1450 fet
736 1355 849 1415 incluta
868 1356 946 1415 bello

103 1435 230 1495 Moenia
250 1435 473 1496 Dardanidum!
499 1447 601 1512 quater
619 1435 685 1513 ipso
705 1435 737 1496 in
756 1435 857 1495 limine
878 1445 980 1511 portae

101 1515 249 1587 Substitit,
272 1527 361 1593 atque
381 1527 464 1576 utero
485 1515 615 1576 sonitum
637 1527 740 1592 quater
759 1535 840 1576 arma
860 1517 976 1577 dedere.

101 1598 256 1656 Instamus
276 1607 375 1656 tamen
395 1596 572 1656 inmemores
593 1595 733 1673 caecique
752 1598 856 1671 furore,

100 1679 143 1736 Et
164 1686 329 1736 monstrum
349 1676 451 1736 infelix
470 1687 583 1736 sacrata
603 1676 732 1736 sistimus
752 1697 826 1736 arce.
1039 1691 1095 1749 245

98 1759 192 1816 Tunc
212 1755 300 1816 etiam
319 1756 387 1816 fatis
407 1757 500 1834 aperit
521 1758 687 1817 Cassandra
705 1757 808 1816 suturis

99 1839 173 1908 Ora,
195 1837 244 1897 dei
263 1836 343 1895 iussu
363 1856 424 1896 non
445 1856 575 1913 unquam
595 1838 706 1898 credita
725 1836 857 1897 Teucris.

99 1920 168 1977 Nos
189 1917 311 1976 delubra
331 1918 420 1976 deum
442 1916 546 1991 miseri,
569 1917 675 1994 quibus
695 1917 814 1977 ultimus
835 1927 912 1977 esset

99 1999 159 2058 Ille
180 1997 252 2072 dies,
276 2000 350 2058 festa
370 1999 501 2057 velamus
522 1997 627 2058 fronde
648 2018 701 2074 per
720 2001 832 2058 urbem.

141 2077 289 2138 ‘Vertitur
308 2077 420 2137 interea
439 2080 565 2149 caelum,
586 2089 616 2137 et
636 2078 693 2137 ruit
714 2080 836 2138 Oceano
857 2096 925 2150 nox,
1037 2092 1093 2152 250

97 2160 262 2218 Involvens
282 2160 387 2218 umbra
408 2177 515 2234 magna
534 2169 700 2234 terramque
721 2158 884 2234 polumque

96 2237 383 2316 Myrmidonumque
403 2239 506 2313 dolos;
532 2237 589 2297 fusi
609 2257 663 2314 per
683 2236 801 2297 moenia
821 2234 929 2296 Teucri

97 2319 296 2392 Conticuere3
317 2337 406 2395 sopor
426 2321 519 2378 fessos
539 2318 744 2394 complectitur
763 2328 850 2377 artus.

96 2401 137 2460 Et
158 2399 218 2458 iam
240 2398 348 2477 Argiva
367 2400 496 2476 phalanx
514 2397 662 2458 instructis
683 2398 806 2457 navibus
826 2397 888 2458 ibat

93 2482 125 2538 A
147 2481 272 2540 Tenedo
292 2478 400 2539 tacitae
420 2479 588 2556 peramica
608 2478 722 2539 silentia
742 2479 831 2537 lunae
1033 2493 1088 2553 255
1169 2487 1171 2492 ’

94 2559 198 2619 Litora
217 2570 289 2619 nota
309 2571 421 2636 petens,
448 2561 581 2618 flammas
601 2578 670 2618 cum
690 2559 769 2634 regia
790 2557 900 2635 puppis

95 2642 258 2713 Extulerat,
277 2639 403 2716 satisque
423 2641 513 2699 deum
534 2640 671 2699 defensus
692 2638 809 2715 iniquia,

95 2723 233 2780 Inclusos
254 2731 337 2780 utero
358 2722 480 2779 Danaos
499 2729 529 2778 et
549 2719 637 2795 pinea
657 2719 756 2778 furtim

94 2805 191 2862 Laxat
209 2802 334 2860 claustra
355 2799 454 2860 Sinon.
497 2801 569 2859 Illos
590 2802 752 2876 patefactus
772 2798 810 2886 ad
831 2817 916 2857 auras

93 2881 208 2943 Reddit
228 2899 331 2956 equus,
352 2879 479 2954 laetique
498 2899 572 2938 cavo
593 2898 624 2938 se
644 2881 749 2938 robore
769 2888 909 2954 promunt
1031 2879 1088 2934 260

92 2961 298 3022 Thessandrus
318 2961 532 3034 Sthenelusque
552 2961 653 3030 duces,
674 2969 703 3017 et
724 2957 804 3017 dirus
825 2956 936 3029 Ulixes,

94 3041 264 3102 Demissum
283 3039 360 3114 lapsi
379 3058 431 3116 per
451 3040 560 3112 sunem,
580 3042 774 3113 Acamasque,
796 3037 965 3113 Thoasque,

91 3121 268 3196 Pelidesque
288 3120 512 3195 Neoptolemus,
534 3117 704 3195 primusque
727 3118 886 3190 Machaon,

92 3205 132 3262 Et
152 3200 316 3272 Menelaus,
338 3198 451 3276 etipse
472 3197 532 3257 doli
552 3198 709 3258 fabricator
729 3200 836 3274 Epeos,

93 3283 242 3341 Invadunt
261 3282 366 3338 urbem
386 3297 492 3338 somno
512 3277 641 3353 vinoque
663 3279 806 3352 sepultam
816 3297 826 3349 3
1027 3280 1082 3352 265

92 3362 265 3424 Caeduntur
283 3357 394 3434 vigileS,
414 3357 566 3434 portisque
585 3357 753 3433 patentibus
774 3373 877 3414 omnes
