2462 3678
366 94 607 155 AENEIDOS
623 95 708 155 LIB.
731 97 788 154 IX.

27 217 249 280 Sustulerat
268 219 423 304 vetitisque
443 223 487 281 ad
503 221 642 282 Troiam
639 222 761 282 miserat
781 222 878 293 armis,

25 298 160 358 Ense
183 299 261 360 levis
281 302 363 360 nudo
383 320 545 377 parmaque
565 301 705 378 inglorius
725 303 805 376 alba;

27 379 173 454 Isque
197 379 252 439 ubi
272 399 303 440 se
324 380 417 440 Turni
438 380 564 442 media
556 393 632 441 mter
651 381 732 440 milia
751 349 834 455 vidit,

29 459 167 517 Hinc
189 459 270 520 acies
290 471 380 537 atque
401 459 470 520 hinc
490 462 569 520 acies
589 462 705 521 adstare
726 463 859 523 Latinas:
1021 477 1078 536 550

29 539 105 597 Ut
139 540 221 612 fera,
244 559 320 614 quae
341 541 433 599 densa
453 551 612 600 venantum
634 552 736 617 saepta
756 561 866 602 corona

32 619 200 676 Contra
222 621 280 678 tela
299 619 367 678 furit
388 638 512 695 seseque
533 622 612 680 haud
633 621 733 680 nescia
753 621 839 682 morti

34 697 175 757 Inicit
198 709 230 757 et
249 700 324 758 saltu
346 718 434 775 supra
454 701 601 759 venabula
621 702 727 774 sertur3

37 778 181 836 Haud
203 777 285 837 aliter
305 777 417 839 iuvenis
438 778 552 839 medios
573 779 729 840 moriturus
741 779 781 839 ’ἰιι
801 782 900 840 hostes

38 857 184 916 Inruit
207 867 244 930 et,
265 875 324 932 qua
344 859 403 919 tela
422 858 503 918 videt
523 859 706 933 densissima,
729 859 829 920 tendit
1019 875 1075 938 555

42 939 113 995 At
146 937 276 1012 pedibus
295 939 383 1014 longe
404 937 507 998 melior
527 941 624 1014 Lycus
644 939 720 999 inter
739 951 769 999 et
789 941 889 999 hostes

45 1019 171 1075 Inter
191 1027 221 1076 et
242 1036 322 1075 arma
343 1019 410 1093 suga
430 1037 529 1077 muros
550 1029 630 1078 tenet
650 1020 768 1094 altaque
788 1030 879 1079 certat

47 1097 238 1155 Prendere
258 1106 336 1155 tecta
355 1116 446 1156 manu
467 1096 640 1174 sociumque
660 1098 802 1174 attingere
823 1101 947 1159 dextras

50 1178 189 1250 Quem
210 1177 338 1245 Turnus,
359 1176 466 1252 pariter
485 1196 572 1236 cursu
593 1180 712 1253 teloque
733 1190 860 1251 secutus,

53 1259 229 1330 Increpat
248 1255 294 1314 his
314 1255 419 1316 victor:
449 1259 625 1316 ‘Nostrasne
646 1258 777 1331 evadere,
800 1259 932 1330 demens,
1020 1262 1076 1335 560

59 1335 235 1411 ‘Sperasti
255 1346 284 1394 te
305 1343 395 1410 posse'
414 1339 551 1396 manus?’
579 1335 665 1394 simul
685 1337 784 1412 arripit
803 1338 900 1413 ipsum

58 1416 272 1474 Pendentem
294 1425 323 1474 et
344 1434 450 1491 magna
470 1416 545 1475 muri
565 1435 634 1475 cum
654 1428 736 1492 parte
757 1417 878 1476 revellit.

62 1494 194 1569 Qualis
215 1495 266 1553 ubi
286 1507 337 1554 aut
358 1497 489 1570 leporem
509 1506 561 1554 aut
580 1496 720 1556 candenti
741 1515 865 1573 corpore
885 1516 1011 1588 cycnum

65 1573 211 1633 Sustulit
231 1576 290 1633 alta
309 1585 413 1650 petens
433 1574 559 1650 pedibus
582 1575 661 1635 Iovis
681 1575 805 1654 armiger
825 1574 916 1650 uncis,

70 1653 264 1728 Quaesitum
285 1665 336 1713 aut
357 1655 441 1712 matri
462 1654 561 1714 multis
582 1655 727 1717 balatibus
747 1676 856 1733 agnum
1019 1660 1074 1733 565

73 1732 215 1792 Martius
235 1752 253 1791 a
273 1733 394 1793 stabulis
414 1733 509 1810 rapuit
531 1737 623 1810 lupus.
667 1737 809 1812 Undique
830 1737 940 1796 clamor

31 1809 228 1872 Tollitur:
255 1811 398 1873 invadunt
418 1824 447 1873 et
468 1815 559 1874 fossas
579 1834 684 1906 aggere
704 1818 868 1891 complent;

76 1893 236 1952 Ardentes
255 1896 358 1953 taedas
378 1893 426 1952 alii
447 1895 486 1954 ad
506 1893 620 1970 fastigia
638 1895 754 1953 iactant.

79 1971 223 2032 Ilioneus
243 1992 314 2032 saxo
334 1983 424 2048 atque
443 1973 555 2050 ingenti
575 1973 717 2050 fragmine
737 1971 847 2033 montis

80 2052 244 2112 Lucetium
266 2064 369 2129 portae
390 2054 565 2112 subeuntem
585 2053 725 2130 ignesque
745 2055 896 2123 ferentem,
1019 2068 1075 2127 570

81 2132 268 2192 Emathiona
289 2131 382 2208 Liger,
403 2135 591 2209 Corynaeum
611 2134 712 2192 sternit
732 2132 836 2203 Asilas,

82 2212 153 2270 Hic
173 2211 270 2272 iaculo
291 2213 395 2283 bonus,
417 2211 465 2271 hic
485 2214 572 2289 longe
592 2214 710 2272 fallente
731 2212 849 2288 sagitta3

83 2292 244 2368 Ortygium
266 2294 410 2363 Caeneus,
431 2291 571 2352 victorem
593 2294 714 2353 Caenea
733 2294 860 2364 Turnus,
950 2340 954 2348 .

82 2374 207 2430 Turnus
229 2375 297 2448 Ityn
318 2373 525 2447 Cloniumque,
549 2371 727 2448 Dioxippum
748 2373 976 2446 Promolumque

86 2453 129 2510 Et
151 2451 282 2527 Sagarim
298 2462 332 2521 ,et
353 2451 474 2510 summis
495 2462 621 2511 stantem
641 2471 695 2528 pro
715 2451 841 2511 turribus
863 2453 947 2522 Idan,
1018 2466 1073 2525 575

85 2528 261 2590 Privernum
283 2533 388 2608 Capys.
425 2533 523 2589 'Hunc
543 2531 639 2606 primo
660 2532 731 2592 levis
752 2533 836 2591 hasta
855 2530 1019 2591 Themillae

86 2609 262 2671 Strinxerat:
289 2610 340 2670 ille
360 2629 481 2669 manum
501 2610 634 2685 proiecto
654 2610 783 2688 tegmine
803 2612 927 2672 demens

87 2692 139 2749 Ad
158 2692 264 2749 volnus
285 2689 351 2750 tulit
356 2711 365 2763 3
391 2708 460 2766 ergo
480 2689 533 2749 alis
553 2691 674 2765 adlapsa
694 2689 807 2765 sagitta,

89 2773 130 2829 Et
150 2772 235 2830 laevo
255 2769 344 2829 infixa
364 2780 408 2830 est
428 2769 509 2830 lateri
530 2788 643 2840 manus,
666 2770 826 2844 abditaque
846 2768 924 2827 intus

90 2849 275 2940 Spitamenta
295 2849 411 2908 animae
431 2848 510 2908 letali
530 2851 650 2908 volnere
669 2848 754 2938 rupit.
1020 2847 1076 2920 580

90 2929 221 2989 Stabat'
214 2948 244 2988 rn
265 2929 386 3005 egregiis
407 2928 542 2988 Arcentis
562 2927 638 2986 filius
658 2926 754 2997 armis,

92 3009 191 3068 Pictus
211 3027 267 3067 acu
288 3009 473 3099 chlamydem
494 3019 523 3067 et
544 3005 688 3098 fenugine
708 3008 801 3065 clarus
823 3005 944 3077 Hibera,

92 3088 220 3164 Insignis
238 3087 322 3157 facie,
343 3087 458 3164 genitor
477 3106 566 3163 quem
587 3087 704 3178 miserat
724 3089 845 3159 Arcens,

93 3169 240 3228 Eductum
262 3167 367 3227 Matris
387 3168 455 3227 luco
475 3167 643 3245 Symaethia
663 3165 773 3226 circum
1055 3221 1057 3226 .

94 3247 236 3318 Flumina,
258 3245 374 3322 pinguis
394 3246 446 3307 ubi
466 3258 496 3307 et
516 3246 668 3322 placabilis
688 3266 737 3305 ara
757 3245 866 3306 Palici.
1020 3247 1076 3322 585

93 3327 268 3388 Stridentem
289 3326 411 3385 fundam
432 3325 535 3402 positis
556 3326 720 3387 Mezentius
740 3326 830 3385 hastis

163 3468 186 3512 S.
202 3467 229 3509 V.
247 3465 267 3509 1.
956 3464 990 3502 22
