2494 3702
369 71 644 137 GEORGICON
656 76 742 135 ΗΒ.
765 77 830 134 III.

92 227 152 285 Est
172 226 257 284 lucos
277 221 361 284 Silari
380 222 457 282 circa
477 220 650 298 ilicibusque
670 221 814 281 virentem

95 307 247 365 Plurimus
266 306 434 364 Alburnum
453 302 590 375 volitans,
612 303 659 361 cui
680 320 791 362 nomen
809 300 884 361 asilo

94 390 273 446 Romanum
294 396 347 458 est,
369 393 498 444 oestrum
519 384 588 442 Grai
609 393 721 442 vertere
742 392 891 453 vocantes,

93 470 204 542 Asper,
226 467 332 526 acerba
353 483 470 538 sonans,
494 483 555 540 quo
576 473 639 522 tota
659 462 795 522 exterrita
815 462 894 520 silvis

96 545 267 622 Diffugiunt
287 556 437 619 armenta3
464 543 533 604 furit
553 543 712 619 mugitibus
732 542 834 602 aether

95 629 270 688 Concussus
291 625 439 701 silvaeque
459 634 490 684 et
511 623 582 683 sicci
602 623 666 700 ripa
686 621 821 700 Tanagri.

96 709 173 767 Hoc
193 708 343 782 quondam
364 716 497 764 monstro
517 703 670 764 horribiles
691 703 819 763 exercuit
839 701 895 762 iras

96 787 241 847 Inachiae
261 788 339 845 Iuno
358 797 474 862 pestem
493 785 635 844 meditata
654 783 804 843 iuvencae.

97 870 194 927 Hunc
214 885 342 943 quoque,
363 885 434 924 narn
454 865 559 925 mediis
579 864 741 925 fervoribus
762 863 854 922 acrior
874 863 970 936 instat,

96 947 225 1007 Arcebis
244 945 364 1024 gravido
385 947 493 1022 pecori,
514 957 705 1022 armentaque
725 964 829 1021 pasces

97 1031 169 1088 Sole
188 1047 291 1087 recens
312 1037 376 1086 orto
397 1038 448 1086 aut
469 1038 588 1086 noctem
609 1026 785 1086 ducentibus
806 1024 899 1084 astris.

141 1110 215 1168 Post
234 1118 352 1184 partum
373 1126 443 1166 cura
462 1106 494 1164 in
514 1106 620 1166 vitulos
641 1106 802 1165 traducitur
822 1105 928 1178 omnis,

99 1188 313 1264 Continuoque
333 1198 419 1248 notas
440 1199 470 1246 et
490 1187 613 1246 nomina
632 1186 728 1264 gentis
747 1185 874 1256 inurunt,

98 1271 140 1329 Et
160 1288 236 1345 quos
257 1279 308 1328 aut
328 1267 430 1343 pecori
450 1267 554 1327 malint
574 1266 746 1327 submittere
766 1267 907 1326 habendo

97 1352 163 1410 Aut
182 1348 239 1408 aris
260 1367 372 1408 servare
393 1367 492 1408 sacros
512 1360 563 1408 aut
583 1349 717 1409 scindere
737 1357 843 1405 terram

99 1432 140 1489 Et
152 1447 301 1505 'campum
322 1430 489 1488 horrentem
509 1428 607 1488 fractis
627 1427 770 1488 invertere
790 1426 909 1504 glaebis.

99 1511 210 1570 Cetera
229 1520 388 1586 pascuntur
407 1509 514 1569 virides
534 1518 667 1568 armenta
687 1527 740 1584 per
759 1508 872 1567 herbas.

98 1593 148 1649 Tu
168 1609 245 1666 quos
265 1590 304 1648 ad
325 1589 455 1650 studium
476 1600 565 1666 atque
584 1609 672 1648 usum
692 1587 831 1648 formabis
852 1599 1005 1664 agrestem,

98 1673 166 1732 Iam
188 1670 295 1729 vitulos
315 1672 433 1729 hortare
453 1669 591 1746 viamque
610 1668 712 1728 insiste
733 1669 884 1739 domandi,

49 1806 53 1814 .
98 1753 183 1810 Dum
204 1750 305 1811 faciles
324 1749 416 1810 animi
436 1749 585 1821 iuvenum,
606 1751 678 1809 dum
699 1748 817 1809 mobilis
837 1761 926 1808 aetas.

97 1835 146 1890 Ac
166 1830 293 1907 primurn
313 1832 396 1890 laxos
416 1829 498 1890 tenui
517 1831 556 1890 de
576 1829 686 1890 vimine
707 1829 811 1888 circlos

98 1911 217 1973 Cervici
239 1913 381 1972 subnecte
392 1932 401 1985 ;
429 1911 546 1984 dehinc,
568 1910 620 1969 ubi
640 1910 733 1969 libera
751 1910 829 1968 colla

97 1992 226 2054 Servitio
245 1992 404 2063 adsuerint‚
426 1991 497 2068 ipsis
518 2011 534 2051 e
556 1991 708 2066 torquibus
729 2001 814 2066 aptos

98 2076 196 2149 Iunge
216 2091 301 2148 pares
322 2083 352 2132 et
372 2091 447 2148 coge
466 2072 589 2148 gradum
609 2073 742 2130 conferre
762 2072 902 2128 iuvencos
913 2090 922 2142 3

98 2156 201 2229 Atque
221 2152 278 2211 illis
298 2152 357 2211 iam
378 2171 467 2228 saepe
487 2164 568 2212 rotae
589 2153 736 2211 ducantur
755 2150 858 2209 inanes

98 2236 157 2293 Per
176 2242 284 2292 terram
304 2243 335 2292 et
355 2251 470 2292 summo
491 2231 613 2308 vestigia
633 2233 752 2308 pulvere
773 2230 887 2306 signent
897 2250 906 2303 ς

100 2316 175 2373 Post
195 2311 294 2371 valido
314 2312 411 2372 nitens
431 2315 486 2372 sub
505 2313 638 2388 pondere
658 2311 772 2388 faginus
793 2311 855 2370 axis

100 2396 250 2468 Instrepat
271 2403 300 2452 et
320 2393 436 2452 iunctos
457 2402 538 2452 temo
558 2393 655 2452 trahat
675 2411 778 2451 aereus
799 2395 892 2452 orbes.

101 2477 221 2532 Interea
240 2473 314 2548 pubi
334 2471 497 2532 indomitae
517 2491 580 2531 non
599 2472 732 2548 gramina
752 2484 868 2532 tantum

101 2555 169 2616 Nec
188 2571 290 2612 vescas
311 2553 433 2612 salicum
454 2553 573 2611 frondes
593 2554 751 2628 ulvamque
772 2554 941 2629 palustrem,

100 2634 161 2692 Sed
182 2633 328 2692 frumenta
348 2652 439 2692 manu
459 2651 561 2708 carpes
583 2643 663 2706 sata3
690 2652 747 2692 nec
767 2633 820 2692 tibi
841 2634 918 2692 fetae

101 2715 190 2772 More
210 2724 327 2789 patrum
348 2714 435 2773 nivea
454 2712 620 2789 implebunt
640 2714 808 2772 mulctraria
829 2731 944 2785 vaccae,

101 2794 163 2854 Sed
183 2802 246 2852 tota
266 2792 297 2851 in
318 2794 419 2853 dulces
440 2803 616 2853 consument
636 2795 728 2853 ubera
747 2804 841 2852 natos.

143 2871 194 2933 Sin
215 2873 254 2932 ad
274 2874 353 2932 bella
374 2872 466 2950 magis
488 2873 619 2932 studium
640 2883 810 2948 turmasque
830 2873 950 2945 seroces,

101 2956 165 3012 Aut
185 2954 302 3028 Alphea
321 2953 394 3013 rotis
416 2951 548 3029 praelabi
570 2953 692 3010 flumina
717 2951 802 3012 Pisae

103 3035 142 3093 Et
163 3032 244 3092 Iovis
263 3032 295 3091 in
314 3035 384 3092 luco
404 3053 505 3093 currus
524 3031 634 3109 agitare
654 3032 803 3092 volantes:

103 3111 218 3173 Primus
239 3111 308 3189 equi
327 3114 411 3173 labor
431 3125 485 3186 est,
506 3115 621 3172 animos
641 3123 730 3188 atque
750 3132 831 3172 anna
852 3113 951 3174 videre

104 3194 271 3253 Bellantum
291 3192 437 3269 lituosque
458 3193 519 3270 pati
540 3204 694 3268 tractuque
714 3205 882 3268 gementem

104 3274 190 3332 Fene
211 3285 306 3333 rotam
327 3284 357 3332 et
377 3274 493 3332 stabulo
514 3274 611 3332 frenos
631 3272 734 3332 audire
754 3283 893 3331 sonantes
903 3295 911 3346 ;

102 3355 182 3413 Turn
204 3353 297 3431 magis
317 3363 406 3428 atque
427 3352 520 3429 magis
540 3351 657 3410 blandis
677 3352 805 3429 gaudere
826 3351 954 3425 magistri
