2468 3692
371 133 614 197 Aruernos
636 137 722 196 rra.
749 137 826 194 xrs.
1036 147 1093 206 ,μη

92 270 182 326 Parte
201 265 260 325 alia
279 265 379 325 media
399 267 549 326 Eumedes
569 264 600 324 in
620 264 732 342 proelia
751 266 849 338 fertur,

89 346 219 423 Antiqui
239 347 336 424 proles
358 348 437 406 bello
458 347 608 422 praeclara
629 344 765 417 Dolonis

91 427 227 487 Nomine
246 445 336 486 avum
355 428 490 498 referens,
509 426 610 486 animo
631 425 827 502 manibusque
847 435 1009 502 parentem,

92 507 156 582 Qui
176 507 339 583 quondam,
359 518 454 566 castra
474 517 508 566 ut
529 509 668 566 Danaum
689 508 856 583 speculator
875 506 979 581 adiret,

92 590 194 647 Ausus
215 586 336 646 Pelidae
356 586 483 663 pretium
504 586 560 646 sibi
579 605 701 663 poscere
722 605 839 662 currus,
1030 603 1091 664 350

93 670 185 727 Illum
206 667 338 743 Tydides
358 667 416 726 alio
437 687 491 743 pro
511 667 619 726 talibus
639 666 717 726 ausis

92 745 213 807 Adfecit
233 747 338 823 pretio,
359 767 416 807 nec
436 745 520 824 equis
540 746 670 823 adspirat
690 746 821 806 Achillis.

94 829 190 886 Hunc
210 829 313 904 procul
333 838 367 886 ut
387 847 493 904 campo
513 830 632 886 Turnus
652 827 801 904 prospexit
817 837 928 903 aperto,

93 910 174 967 Ante
194 907 251 966 levi
272 907 369 967 iaculo
389 908 512 984 longum
532 926 585 984 per
605 907 692 967 inane
713 917 839 982 secutus,

93 987 176 1048 Sistit
189 1006 282 1063 equos
302 986 416 1064 biiuges
436 999 467 1047 et
486 1007 571 1046 curm
592 987 698 1058 desilit,
720 998 810 1064 atque
1031 1004 1088 1066 355

93 1067 265 1128 Semianimi
285 1069 428 1145 lapsoque
449 1067 625 1145 supervenit,
646 1079 676 1127 et
695 1069 773 1144 pede
793 1068 872 1127 collo

93 1150 242 1225 Inpresso‚
265 1149 383 1208 dextrae
405 1167 577 1208 mucronem
598 1158 752 1224 extorquet
772 1159 802 1207 et
822 1149 883 1206 alto

93 1229 269 1304 Fulgentem
291 1227 397 1302 tinguit
418 1227 527 1305 iugulo,
549 1239 638 1304 atque
658 1230 739 1287 haec·
753 1226 873 1303 insuper
892 1225 995 1288 addit:

94 1311 170 1380 ‘En,
191 1327 285 1384 agros,
307 1319 345 1382 et,
368 1327 458 1385 quarn
478 1310 567 1380 bello,
589 1307 726 1379 Troiane,
748 1307 855 1384 petisti,

94 1389 292 1465 ‘Hesperiam
313 1388 416 1448 metire
437 1387 550 1447 iacens:
571 1389 645 1448 haec
666 1387 805 1464 praemia,
826 1387 878 1464 qui
898 1407 947 1448 me
1029 1391 1089 1466 360

94 1469 205 1528 ‘Ferro
225 1468 289 1528 ausi
309 1479 462 1545 temptare,
484 1469 594 1541 lerunt3
615 1468 658 1528 sic
678 1467 797 1528 moenia
816 1469 967 1529 condunt’

93 1548 177 1607 Huic
197 1548 335 1608 comitem
357 1551 490 1626 Asbyten
510 1547 646 1608 coniecta
666 1548 789 1624 cuspide
809 1548 907 1622 mittit,

93 1629 279 1705 Chloreaque
299 1628 492 1705 Sybarimque
514 1631 682 1706 Daretaque
703 1629 988 1707 Thersilochumque

93 1711 133 1768 Et
154 1709 293 1768 sternacis
314 1709 382 1786 equi
402 1711 519 1786 lapsum
540 1710 653 1769 cervice
673 1711 871 1786 Thymoeten.

91 1791 139 1847 Ac
158 1790 239 1848 velut
261 1789 359 1848 Edoni
381 1791 493 1849 Boreae
514 1809 582 1849 cum
604 1789 722 1866 spiritus
742 1792 803 1850 alto
1028 1793 1085 1869 365

7 1881 8 1952 ᾗ
92 1871 218 1928 Insonat
238 1874 367 1946 Aegaeo,
388 1869 578 1946 sequiturque
599 1870 637 1929 ad
658 1869 744 1928 litora
764 1872 885 1944 fluctus3

7 1953 8 2006 ἓ
92 1950 162 2024 Qua
180 1949 260 2008 venti
280 1949 450 2023 incubuere,
471 1951 570 2026 lugam
592 1951 665 2009 dant
684 1949 787 2009 nubila
807 1953 906 2010 caelo:

7 2033 8 2070 ³
90 2029 140 2089 Sic
161 2031 271 2101 Turno,
294 2049 481 2106 quacumque
501 2031 579 2089 viam
600 2041 688 2101 secat,
711 2031 829 2106 agmina
849 2032 959 2090 cedunt

8 2123 9 2126 ’
91 2110 320 2186 Conversaeque
340 2121 429 2170 ruunt
450 2109 528 2170 acies
534 2131 543 2184 ς
563 2112 618 2169 fert
638 2110 764 2187 impetus
785 2110 891 2186 ipsum,

91 2192 131 2249 Et
152 2189 269 2249 cristam
290 2191 414 2250 adverso
434 2211 519 2250 curru
540 2191 636 2267 quatit
656 2210 728 2250 aura
746 2191 903 2250 volantem.
1027 2205 1086 2268 370

90 2271 164 2329 Non
184 2270 251 2329 tulit
272 2269 431 2330 instantem
452 2272 587 2348 Phegeus
608 2270 772 2346 animisque
793 2273 981 2346 frementem3

10 2405 17 2424 ,
91 2348 212 2410 Obiecit
232 2369 296 2410 sese
317 2351 355 2410 ad
376 2371 502 2423 currum,
525 2361 555 2410 et
575 2351 742 2427 spumantia
763 2351 852 2411 frenis

90 2431 153 2490 Ora
173 2429 330 2489 citatorum
350 2431 452 2490 dextra
473 2431 597 2491 detorsit
616 2451 769 2508 equorum.

91 2511 174 2569 Dum
194 2510 316 2569 trahitur
335 2512 506 2588 pendetque
527 2511 610 2587 iugis,
632 2513 712 2571 hunc
733 2513 793 2572 lata
812 2522 956 2572 retectum

10 2613 16 2628 =
90 2593 210 2649 Lancea
230 2591 428 2668 consequitur,
449 2591 618 2668 rumpitque
638 2592 726 2650 infixa
745 2592 865 2652 bilicem
1026 2611 1083 2670 375

90 2669 237 2742 loricam,
259 2682 289 2730 et
310 2691 457 2730 summum
479 2672 615 2748 degustat
635 2674 754 2731 volnere
775 2691 889 2748 corpus.

90 2752 146 2810 Ille
167 2762 267 2810 tamen
287 2751 384 2827 clipeo
405 2751 523 2811 obiecto
544 2771 703 2810 conversus
724 2751 754 2809 in
774 2752 891 2811 hostem

15 2859 18 2864 ·
90 2832 167 2898 Ibat,
187 2841 218 2891 et
239 2830 377 2890 auxilium
399 2833 490 2891 ducto
511 2851 653 2891 mucrone
673 2834 812 2908 petebat3

88 2912 169 2971 Cum
189 2921 254 2970 rota
273 2911 464 2988 praecipitem
485 2922 514 2972 et
535 2930 675 2988 procursu
696 2911 830 2971 concitus
850 2910 912 2972 axis

88 2990 213 3068 Impulit
224 2991 407 3068 effunditque
429 2993 501 3062 solu,
524 2994 701 3068 Turnusque
722 3002 841 3051 secutus
1025 2994 1085 3069 380

88 3074 187 3130 Imam
208 3071 284 3130 inter
302 3074 417 3148 galeam
439 3071 546 3131 summi
567 3072 693 3131 thoracis
715 3083 744 3132 et
765 3091 831 3132 oras

85 3150 221 3210 Abstulit
241 3171 312 3211 ense
333 3161 430 3228 caput,
452 3162 649 3228 truncumque
670 3151 788 3228 reliquit
798 3149 932 3209 harenae.

127 3233 228 3307 Atque
248 3251 283 3290 ea
304 3233 377 3292 dum
397 3231 509 3308 campis
529 3231 622 3291 victor
643 3233 694 3291 dat
714 3233 816 3291 lunera
836 3235 964 3307 Turnus,

87 3315 207 3371 Interea
226 3314 350 3372 Aenean
373 3313 548 3372 Mnestheus
570 3323 599 3371 et
618 3313 695 3372 fidus
716 3313 845 3372 Achates

87 3391 293 3469 Ascaniusque
314 3411 416 3453 comes
436 3392 537 3452 castris
558 3404 684 3452 statuere
705 3405 868 3466 cruentum,
1025 3393 1082 3468 385
1117 3473 1119 3477 ι

141 3516 167 3563 s.
184 3518 208 3562 v.
225 3516 245 3562 1.
940 3513 978 3568 26
