2462 3678
122 53 180 110 300
380 36 415 92 P.
446 36 638 96 VERGILI
658 38 870 98 MARONIS

121 165 335 242 Tyrrhenoque
355 164 448 223 boves
470 161 501 222 in
522 163 644 234 flumine
666 165 737 224 lavit
758 166 897 226 Hiberas.

123 244 187 304 Pila
207 264 296 304 manu
318 263 481 320 saevosque
501 256 607 320 gerunt
627 244 659 304 in
680 247 758 306 bella
778 247 913 319 dolones,

124 327 161 386 Et
180 325 266 386 tereti
286 335 420 402 pugnant
440 343 584 384 mucrone
603 345 735 402 veruque
756 329 882 387 Sabello.
1068 331 1128 405 665

124 408 193 482 lpse
213 406 316 481 pedes
338 417 476 482 tegumen
498 415 639 480 torquens
661 405 790 467 immane
810 407 913 480 leonis,

122 485 256 546 Terribili
281 485 423 562 inpexum
445 495 534 557 saeta,
557 505 625 544 cum
646 486 785 546 dentibus
805 486 878 546 albis

125 566 248 626 lndutus
270 566 367 643 capiti,
390 565 433 625 sic
453 565 534 642 regia
553 576 632 626 tecta
653 567 778 640 subibat,

125 646 278 717 Horridus,
301 648 512 722 Herculeoque
533 647 672 706 humeros
694 645 818 706 innexus
838 646 959 706 amictu.

122 729 200 786 Tum
220 726 330 804 gemini
350 729 451 788 fratres
472 726 610 786 Tiburtia
630 726 749 786 moenia
769 727 915 805 linquunt,
1069 733 1131 803 670

124 807 229 868 Fratris
249 807 365 867 Tiburti
386 808 497 867 dictam
518 806 696 883 cognomine
716 818 845 883 gentem,
1202 813 1203 822 ³

122 887 306 961 Catillusque
326 907 452 964 acerque
473 889 575 958 Coras,
597 887 707 964 Argiva
726 887 870 958 iuventus,

121 970 160 1027 Et
180 968 303 1044 primam
325 979 393 1028 ante
414 967 509 1028 aciem
530 968 623 1026 densa
643 967 719 1026 inter
738 969 798 1027 tela
818 969 948 1026 seruntur
957 989 968 1041 3

122 1049 186 1108 Ceu
207 1049 267 1107 duo
288 1048 453 1124 nubigenae
474 1066 543 1107 cum
564 1046 673 1106 vertice
695 1047 804 1107 montis
824 1049 863 1106 ab
883 1049 944 1107 alto
1202 1107 1203 1122 ἢ

124 1129 316 1188 Descendunt
337 1128 486 1200 Centauri,
509 1128 663 1186 Homolen
685 1129 869 1204 Othrquue
889 1127 1021 1188 nivalem
1069 1133 1128 1206 675
1202 1173 1203 1196 ,

123 1207 302 1284 Linquentes
322 1229 408 1268 cursu
429 1208 550 1285 rapid03
572 1207 623 1266 dat
644 1207 781 1268 euntibus
800 1207 904 1284 ingens
1202 1213 1203 1218 ’

121 1289 198 1347 Silva
218 1290 326 1360 locum,
348 1301 378 1349 et
399 1307 508 1366 magno
529 1290 640 1347 cedunt
661 1287 785 1365 virgulta
804 1290 925 1364 fragore.

162 1372 227 1428 Nec
248 1370 456 1430 Praenestinae
477 1369 616 1427 fundator
637 1367 730 1428 defuit
750 1367 837 1441 urbis

121 1451 256 1510 Volcano
276 1451 408 1526 genitum
429 1468 537 1527 pecora
558 1449 634 1508 inter
653 1449 778 1526 agrestia
797 1468 895 1526 regem

122 1531 339 1608 Inventumque
361 1530 434 1590 focis
456 1529 552 1590 omnis
574 1549 662 1606 quem
684 1530 809 1590 credidit
829 1541 917 1602 aetas,
1067 1533 1129 1589 680
1202 1565 1203 1590 ;

121 1611 273 1671 Caeculus.
319 1614 411 1670 Hunc
431 1611 508 1688 legio
529 1612 589 1671 late
610 1610 768 1670 comitatur
787 1611 925 1688 agrestis;

121 1690 239 1766 Quique
261 1693 353 1751 altum
375 1695 534 1752 Praeneste
553 1690 615 1764 viri,
638 1690 747 1768 quique
768 1711 837 1750 arva
857 1689 994 1750 Gabinae

121 1771 244 1830 Iunonis
263 1772 453 1848 gelidumque
474 1771 622 1832 Anienem
643 1785 673 1832 et
693 1770 810 1831 roscida
830 1769 896 1829 rivis

121 1852 254 1911 Hernica
273 1873 344 1912 saxa
364 1855 466 1913 colunt
476 1875 484 1928 ;
507 1871 582 1930 quos
603 1851 686 1912 dives
706 1851 843 1927 Anagnia
862 1849 965 1929 pascit,
1202 1921 1203 1924 Ἴ

121 1933 212 2006 Quos,
234 1934 384 1994 Amasene
404 1945 494 2010 pater.
539 1935 609 1992 Non
631 1931 687 1991 illis
708 1932 846 1991 omnibus
866 1951 948 1990 arma
1064 1935 1126 2009 685
1202 1929 1203 1936 '

121 2014 186 2071 Nec
206 2012 293 2090 clipei
313 2033 449 2072 currusve
471 2025 585 2072 sonant.
630 2015 701 2071 Pars
722 2011 850 2070 maxima
869 2010 994 2088 glandes

122 2092 250 2152 Liventis
270 2095 385 2170 plumbi
404 2093 532 2171 spargit;
552 2113 619 2170 pars
640 2092 752 2169 spicula
771 2102 867 2168 gestat

121 2172 196 2232 Bina
216 2194 314 2246 manu,
336 2176 490 2249 fulvosque
511 2173 572 2250 lupi
593 2174 631 2232 de
652 2175 730 2250 pelle
750 2173 864 2248 galeros

119 2255 254 2330 Tegmen
275 2256 386 2315 habent
407 2253 513 2331 capiti;
536 2253 658 2328 vestigia
678 2254 759 2312 nuda
780 2251 886 2312 sinistri

120 2334 277 2395 Instituere
297 2335 400 2412 pedis,
421 2337 528 2394 crudus
549 2334 620 2410 tegit
640 2336 731 2393 altera
752 2352 831 2409 pero.
1061 2336 1128 2410 690

159 2416 199 2473 At
222 2417 387 2493 Messapus,
411 2435 518 2491 equum
540 2414 677 2486 domitor,
700 2412 853 2489 Neptunia
872 2412 978 2488 proles

121 2495 219 2569 Quem
240 2515 338 2572 neque
359 2498 402 2555 fas
423 2494 483 2571 igni
503 2495 641 2570 cuiquam
663 2513 719 2554 nec
740 2505 867 2552 sternere
888 2494 971 2564 ferm,

120 2577 184 2633 Iam
206 2575 320 2652 pridem
341 2576 451 2636 resides
471 2576 597 2651 populos
618 2576 799 2648 desuetaque
820 2573 898 2632 bello

119 2655 245 2732 Agmina
265 2657 296 2715 in
317 2677 398 2716 arma
417 2667 505 2715 vocat
525 2655 631 2725 subito,
653 2655 817 2730 ferrumque
837 2661 980 2712 retractat.
1202 2721 1203 2740 Χ

120 2737 163 2794 Hi
185 2737 383 2797 Fescenninas
403 2736 481 2795 acies
502 2738 682 2811 Aequosque
704 2734 841 2803 Faliscos
1057 2737 1124 2811 695
1202 2755 1203 2812 3

120 2816 163 2874 Hi
184 2818 311 2878 Soractis
332 2819 443 2877 habent
464 2835 544 2876 arces
566 2814 756 2890 Flaviniaque
777 2833 852 2883 arva,

119 2897 159 2955 Et
181 2896 288 2956 Cimini
309 2918 377 2956 cum
399 2908 500 2957 monte
521 2897 618 2954 lacum
639 2897 781 2968 lucosque
803 2895 949 2968 Capenos.

120 2975 208 3035 Ibant
228 2977 346 3052 aequati
367 2995 498 3046 nomem,
520 2993 676 3051 regemque
697 2975 852 3044 canebant,

119 3057 183 3117 Ceu
206 3059 357 3131 quondam
379 3057 456 3116 nivei
477 3055 589 3131 liquida
609 3055 684 3113 inter
704 3053 805 3112 nubila
826 3049 918 3128 cycni,

119 3137 196 3196 Cum
218 3155 282 3195 sese
304 3157 320 3195 e
342 3148 427 3210 pastu
448 3139 581 3208 referunt,
605 3145 634 3193 et
654 3135 742 3209 longa
762 3151 888 3191 canoros
1058 3151 1123 3208 700

119 3218 201 3271 Dant
221 3233 274 3286 per
293 3218 370 3271 colla
390 3217 514 3272 modos:
536 3225 622 3271 sonat
642 3213 738 3270 amnis
759 3225 789 3272 et
810 3211 883 3270 Asia
903 3212 993 3286 longe

118 3293 206 3349 Pulsa
226 3293 317 3364 palus.
