2460 3686
134 63 191 103 aro
381 49 417 107 P.
451 49 643 108 VERGILJ
664 50 877 111 MARONIS

134 175 249 249 ‘Quam
269 184 334 234 tuta
352 175 448 250 possis
469 177 573 235 urbem
594 195 773 253 componere
793 187 876 240 terra.

134 254 238 330 ‘Signa
257 253 312 315 tibi
332 254 437 328 dicam,
460 266 492 314 tu
512 255 632 316 condita
652 268 753 316 mente
772 267 891 317 teneto:

133 335 231 395 ‘Cum
252 333 306 395 tibi
326 334 453 395 sollicito
474 336 577 395 secreti
597 338 637 396 ad
657 336 785 396 fluminis
806 339 918 397 undam

134 413 276 474 ‘Litoreis
296 414 401 490 ingens
421 415 541 475 inventa
561 419 617 476 sub
637 416 753 477 ilicibus
773 437 822 476 sus

133 493 284 572 ‘Triginta
304 495 434 572 capitum
454 497 531 556 fetus
552 497 637 556 enixa
658 496 774 570 iacebit,

134 576 236 646 ‘Alba
257 577 322 636 solo
343 577 494 647 recubans,
516 577 577 636 albi
597 577 707 636 circum
728 581 820 637 ubera
840 578 909 650 nati,

133 658 182 714 ‘Is
202 657 286 715 locus
307 656 387 716 urbis
408 655 469 729 erit,
491 656 606 733 requies
627 676 663 716 ea
683 669 763 716 certa
783 659 925 718 labomm.

133 738 217 796 ‘Nec
237 746 270 795 tu
290 755 455 796 mensarum
477 756 592 796 morsus
613 737 748 796 horresce
768 739 897 798 futuros:

133 817 225 874 ‘Fata
244 816 323 875 viam
342 816 494 877 invenient
515 816 667 893 aderitque
686 828 808 877 vocatus
828 818 946 894 Apollo,

133 897 217 954 ‘Has
237 906 336 956 autem
357 906 446 956 terras
469 897 595 973 Italique
615 899 693 956 hanc
713 898 805 958 litoris
826 917 916 970 oram,

133 976 284 1035 ‘Proxima
305 995 382 1052 quae
403 977 495 1036 nostri
515 977 699 1053 perfunditur
718 977 855 1054 aequoris
875 989 966 1052 aestu,

133 1057 268 1133 ‘Effuge:
296 1067 405 1116 cuncta
424 1056 508 1116 malis
529 1057 697 1117 habitantur
718 1058 837 1117 moenia
857 1059 949 1119 Grais

132 1136 212 1196 ‘Hic
233 1148 263 1197 et
284 1137 403 1213 Narycii
423 1147 586 1213 posuerunt
606 1137 725 1197 moenia
746 1137 833 1198 Locri
1202 1199 1203 1212 y

134 1219 189 1276 ‘Et
209 1216 385 1277 Sallentinos
406 1217 523 1277 obsedit
542 1217 634 1276 milite
656 1237 777 1294 campos
1075 1241 1135 1294 400
1202 1233 1203 1292 j

133 1296 268 1372 ‘Lyctius
289 1298 488 1357 Idomeneus:
511 1295 559 1356 hic
579 1297 629 1356 illa
649 1297 732 1357 ducis
754 1299 898 1359 Meliboei
1202 1305 1203 1330 ³

133 1379 246 1436 ‘Parva
266 1377 447 1437 Philoctetae
468 1378 594 1437 subnixa
615 1377 726 1437 Petelia
746 1398 838 1438 muro.

133 1457 230 1532 ‘Quin
249 1456 302 1516 ubi
321 1457 508 1517 transmissae
528 1458 661 1518 steterint
681 1469 760 1517 trans
781 1479 910 1535 aequora
929 1461 1050 1534 classes,

133 1541 190 1596 ‘Et
210 1536 315 1614 positis
336 1537 393 1597 aris
414 1539 472 1597 iam
493 1549 562 1598 vota
582 1538 614 1596 in
634 1538 718 1598 litore
739 1540 843 1614 solves,

133 1621 300 1694 ‘Purpureo
321 1620 417 1678 velare
437 1638 538 1678 comas
559 1621 720 1695 adopertus
740 1619 858 1693 amictu,
1072 1639 1131 1699 405
1202 1689 1203 1692 Ἴ

133 1700 196 1758 ‘Ne
217 1717 276 1774 qua
296 1698 372 1758 inter
392 1710 510 1758 sanctos
530 1699 612 1775 ignes
633 1699 664 1757 in
684 1701 796 1759 honore
818 1701 940 1759 deorum

133 1778 275 1837 ‘Hostilis
296 1779 385 1838 facies
406 1790 537 1838 occurrat
558 1790 588 1838 et
608 1779 710 1839 omina
729 1781 834 1839 turbet

95 1865 141 1935 s‘
150 1861 241 1917 Hunc
256 1858 334 1919 'socii
355 1877 468 1918 morem
490 1878 646 1932 sacrorum,
668 1861 749 1919 hunc
767 1859 831 1936 ipse
852 1870 961 1933 tenet0‚

133 1940 220 1997 ‘Hac
240 1939 313 1998 casti
334 1950 474 1998 maneant
493 1939 524 1997 in
545 1939 685 2016 religione
706 1951 837 2016 nepotes,

132 2021 203 2078 ‘Ast
223 2017 274 2078 ubi
294 2019 456 2095 digressum
478 2019 593 2078 Siculae
613 2031 642 2080 te
663 2021 827 2080 admoverit
847 2039 916 2080 orae
1068 2042 1130 2094 410
1202 2081 1203 2088 χ

132 2100 272 2171 ‘Ventus
295 2110 324 2158 et
344 2099 460 2174 angusti
481 2111 628 2160 rarescent
648 2102 773 2160 claustra
794 2101 899 2174 Pelori,

133 2180 246 2238 ‘Laeva
265 2178 319 2238 tibi
339 2182 425 2238 tellus
446 2191 476 2240 et
495 2182 584 2256 longo
604 2182 687 2240 laeva
707 2191 845 2256 petantur

131 2261 285 2335 ‘Aequora
305 2257 442 2332 circuitu;
469 2261 605 2320 dextrum
625 2263 692 2336 fuge
712 2262 780 2320 litus
801 2272 831 2320 et
851 2261 953 2320 undas.

132 2342 236 2399 ‘Haec
255 2340 322 2398 loca
341 2340 371 2398 vi
391 2341 543 2416 quondam
564 2351 593 2400 et
613 2351 695 2399 vasta
714 2344 856 2401 convolsa
875 2341 960 2400 ruina

133 2419 290 2498 ‘(Tantum
310 2419 376 2479 aevi
395 2420 556 2497 longinqua
575 2421 654 2480 valet
674 2432 787 2481 mutare
807 2419 949 2500 vetustas)
1065 2442 1124 2498 415

132 2497 316 2560 ‘Dissiluisse
336 2501 440 2571 ferunt,
463 2520 532 2560 curn
553 2500 686 2577 protinus
707 2515 831 2578 utraque
853 2503 938 2561 tellus

131 2581 219 2640 ‘Una
238 2581 331 2640 foret:
358 2579 439 2640 venit
459 2580 559 2640 medio
580 2581 609 2640 vi
630 2592 738 2658 pontus
758 2592 789 2641 et
809 2580 896 2640 undis

131 2659 329 2738 ‘Hesperium
350 2660 449 2720 Siculo
470 2663 546 2719 latus
567 2661 700 2732 abscidit,
722 2681 851 2738 arvaque
871 2671 902 2721 et
921 2661 1009 2722 urbes

131 2741 246 2800 ‘Litore
266 2738 402 2800 diductas
423 2752 548 2818 angusto
569 2741 699 2802 interluit
718 2753 808 2802 aestu.

131 2822 291 2880 ‘Dextrum
312 2823 409 2899 Scylla
428 2823 513 2895 latus,
535 2822 652 2881 laevum
672 2821 821 2900 inplacata
841 2821 1007 2899 Charybdis
1064 2843 1122 2896 420

131 2900 281 2972 ‘Obsidet
303 2911 393 2976 atque
413 2901 473 2961 imo
494 2901 622 2962 barathri
642 2912 686 2962 ter
705 2903 818 2979 gurgite
838 2914 937 2962 vastos

130 2982 253 3038 ‘Sorbet
273 2979 305 3036 iu
325 2981 482 3053 abruptum
502 2983 608 3039 fluctus
629 3001 786 3057 rursusque
808 2985 862 3042 sub
883 3001 977 3042 auras.

131 3056 240 3129 ‘Erigit
260 3057 387 3113 alternos
409 3066 438 3113 et
459 3058 555 3116 sidera
575 3062 708 3119 verberat
728 3063 817 3122 unda,

130 3135 186 3189 ‘At
207 3133 333 3205 Scyllam
354 3132 449 3190 caecis
470 3136 588 3195 cohibet
607 3139 750 3213 spelunca
768 3140 887 3200 latebris

132 3210 208 3295 ‘Ora
227 3217 408 3296 exertantem
428 3220 466 3296 et·
478 3229 567 3271 naves
587 3214 617 3272 in
639 3235 709 3274 saxa
729 3219 900 3278 trahentem.
1062 3239 1118 3298 425

132 3284 243 3341 ‘ana
263 3285 390 3342 hominis
410 3287 499 3344 sacres
520 3299 549 3346 et
569 3293 692 3364 pulchro
713 3307 832 3369 pectore
851 3298 933 3374 virgo
