2460 3686
440 84 679 143 AENEIDOS
696 84 780 142 LIB.
801 85 849 157 JJ.
1066 83 1117 138 181

107 213 273 289 Namque
293 222 326 272 ut
345 221 507 288 conspectu
527 209 560 270 in
579 210 680 271 medio
700 208 864 270 turbatus'
854 210 974 272 inermis

107 293 282 362 Constitit,
303 302 391 367 atque
412 291 506 350 oculis
526 291 651 380 Phrygia
669 291 788 371 agmina
807 289 1031 368 circumspexit.

108 373 233 443 ‘Heu
249 390 325 446 quae
339 389 419 429 nunc
438 371 543 460 tellus‚'
556 369 683 460 inquit‘
688 389 780 460 quae
784 387 834 429 me
853 389 981 446 aequora
1000 383 1122 446 possunt

108 450 316 526 ‘Acciperel
341 461 391 509 aut
411 449 512 526 quid
503 469 563 508 ram
583 449 689 509 misero
709 442 782 507 mihi
802 448 931 526 denique
949 453 1059 510 restat?
1084 469 1121 526 70

109 530 210 590 ‘Cui
230 547 328 604 neque
347 531 428 605 apud
449 531 570 588 Danaos
590 547 714 604 usquam
734 530 826 599 locus,
846 539 877 588 et
896 547 984 605 super
1003 529 1061 638 ipsi

114 608 344 668 ‘Dardanidae
364 609 471 667 infensi
491 627 602 684 poenas
622 627 691 668 cum
712 607 855 684 sanguine
874 612 1019 684 poscunt)

111 689 203 763 Quo
224 687 336 763 gemitu
356 688 489 747 conversi
509 687 607 761 animi,
629 706 814 762 compressus
834 697 864 746 et
884 688 981 747 omnis

111 770 274 843 Impetus
319 769 482 828 Hortamur
500 767 561 841 fari,
583 786 643 842 quo
663 766 805 842 sanguine
825 776 928 841 cretus,

111 847 252 921 Quidve
271 847 361 917 lerat;
390 857 541 919 memoret,
563 865 638 922 quae
659 846 696 905 sit
714 845 824 905 fiducia
844 857 940 922 capte.
1082 861 1116 924 75

112 924 203 1006 [Ille
223 927 306 998 haec,
326 925 463 1002 deposita
482 926 604 986 tandem
624 923 789 997 formidine,
810 923 914 1006 faturz]

170 1006 310 1065 ‘Cuncta
330 1005 468 1082 equidem
488 1005 550 1078 tibi,
565 1008 640 1078 Rex,
662 1005 748 1065 suerit
769 1005 986 1082 quodcumque,
1007 1005 1119 1065 fatebor

76 1083 82 1089 '
115 1083 248 1156 ‘Vera,'
261 1084 371 1160 inquit:
386 1089 500 1160 ‘neque
520 1103 568 1144 me
588 1084 726 1160 Argolica
746 1084 784 1143 de
803 1094 891 1160 gente
910 1085 1040 1161 negabo:
1119 1093 1122 1100 '

118 1166 223 1223 ‘Hoc
243 1165 368 1240 primum
374 1183 383 1236 3
409 1183 474 1236 nec,
496 1164 520 1223 si
540 1163 678 1222 miserum
697 1165 814 1222 fortuna
833 1163 973 1224 Sinonem

121 1243 260 1316 ‘Finxit
281 1263 390 1302 vanum
411 1243 499 1302 etiam
518 1243 753 1318 mendacemque
773 1241 907 1318 improba
926 1244 1023 1320 finget.
1079 1246 1117 1302 8ο

62 1330 66 1334 ⁴
120 1323 257 1382 ‘Fando
277 1323 439 1398 aliquod
416 1342 441 1381 si
460 1325 535 1382 sorte
554 1333 619 1381 tuas
639 1321 773 1398 pervenit
792 1341 810 1380 a
808 1323 933 1404 yures

125 1401 274 1461 ‘Belidae
294 1421 404 1462 nomen
426 1401 590 1461 Palamedis
611 1413 641 1461 et
660 1401 770 1461 incluta
790 1404 869 1462 fama

123 1480 263 1555 ‘Gloria
285 1500 373 1557 quem
393 1482 466 1540 falsa
485 1482 539 1541 suh
560 1480 727 1558 proditione
748 1481 862 1558 Pelasgi

125 1562 305 1620 ‘Insontem
325 1561 446 1621 infando
467 1560 586 1633 indicio,
608 1560 677 1637 quia
697 1561 773 1620 bella
792 1563 918 1635 vetabat,

73 1635 330 1876 W(
327 1640 402 1712 neci,
421 1659 502 1699 uunc
522 1659 638 1700 cassum
657 1640 769 1702 lumine
788 1642 892 1717 lugent
898 1661 908 1716 3
1078 1641 1114 1716 85

126 1724 135 1751 ‘
252 1739 269 1778 e
289 1719 429 1779 comitem
449 1729 478 1778 et
498 1719 751 1796 consanguinitate
770 1721 970 1797 propinquum

39 1799 41 1804 '
178 1817 269 1874 anper
288 1797 319 1857 in
340 1818 420 1858 arma
440 1810 522 1875 pater
541 1798 642 1875 primis
662 1799 721 1858 huc
741 1799 820 1858 misit
839 1801 878 1859 ab
898 1799 993 1857 annis.

126 1879 233 1936 ‘Dum
254 1879 349 1937 stabat
368 1897 459 1954 regno
479 1877 642 1949 incolumis,
663 1897 823 1954 regumque
842 1878 958 1954 vigebat

128 1956 299 2030 ‘Consiliis
314 1967 344 2017 et
364 1976 418 2017 nos
438 1957 558 2033 aliquod
578 1977 751 2033 nomenque
767 1958 915 2032 decusque

127 2036 311 2096 ‘Gessimus
354 2036 470 2095 Invidia
490 2047 647 2127 postquam
667 2035 788 2112 pellacis
808 2036 890 2097 Ulixi
1077 2054 1116 2111 90

128 2114 377 2206 ‘(Haud1gnota
387 2117 514 2206 loquor)
535 2117 646 2192 superis
667 2113 814 2175 concessit
833 2115 871 2174 ab
892 2111 959 2183 oris,

128 2195 296 2254 ‘'Adflictus
316 2185 406 2254 vitam
427 2195 458 2254 in
463 2196 605 2256 tenebris
625 2199 763 2270 luctuque
783 2194 944 2285 trahebam,
1040 2253 1042 2256 .

128 2276 190 2332 ‘Et
209 2293 310 2332 casum
330 2273 453 2334 insontis
472 2294 590 2334 mecum
610 2274 783 2364 indignabar
802 2271 896 2332 amici.

131 2355 218 2412 ‘Nec
237 2352 316 2412 tacui
335 2356 473 2426 demens,
492 2365 522 2414 et
543 2373 600 2426 me,
621 2353 722 2413 fors
700 2373 725 2412 si
746 2372 805 2429 qua
824 2352 943 2427 tulisset,

130 2431 183 2492 ‘Si
203 2431 311 2508 patrios
330 2452 461 2508 unquam
481 2452 656 2492 remeassem
676 2433 770 2491 victor
789 2434 827 2491 ad
845 2429 948 2508 Argos,
1077 2447 1112 2507 95

131 2510 278 2570 ‘Promisi
297 2513 430 2584 ultorem,
452 2522 482 2571 et
501 2512 597 2572 verbis
618 2511 688 2571 odia
707 2531 809 2588 aspera
829 2513 916 2571 movi.

129 2589 236 2649 ‘Hine
256 2589 327 2649 mihi
347 2590 440 2666 prima
461 2591 529 2649 mali
550 2593 631 2650 labes
640 2613 649 2664 3
662 2591 738 2650 hine
759 2610 873 2666 semper
894 2589 997 2651 Ulixes

130 2668 329 2729 ‘Criminibus
351 2680 456 2729 terrere
475 2669 578 2743 novis3
598 2671 668 2730 hinc
688 2690 836 2759 spargere
841 2687 929 2729 voces

129 2750 187 2807 ‘In
207 2750 326 2838 volgum
346 2749 506 2840 ambiguas
529 2759 559 2808 et
579 2767 718 2823 quaerere
738 2746 873 2810 conscius
893 2767 981 2807 anua.

128 2828 217 2886 ‘Nec
236 2826 377 2903 requievit
398 2829 484 2899 enim,
500 2829 598 2887 donec
619 2829 780 2888 Calchante
800 2825 974 2888 ministro-
1056 2844 1113 2885 100

129 2905 207 2965 ‘Sed
228 2906 300 2981 quid
321 2925 377 2982 ego
395 2906 469 2966 haec
489 2918 588 2965 autem
608 2906 787 2983 nequiquam
802 2899 919 2981 ingrata
938 2906 1075 2967 revolvo?

128 2984 275 3059 ‘Quidve
287 3003 392 3057 moror,
414 2984 439 3044 si
459 3004 562 3044 omnes
583 3004 643 3044 uno
664 2984 766 3044 ordine
786 2985 899 3045 habetis
920 2985 1056 3058 Achivos,

129 3063 246 3139 ‘quue
265 3062 365 3121 audire
385 3075 430 3122 sat
450 3067 513 3124 est?
539 3064 712 3123 iamdudum
733 3063 839 3124 sumite
859 3083 983 3141 poenas:

130 3142 222 3200 ‘Hoc
242 3142 362 3200 Ithacus
383 3140 461 3213 velit,
483 3153 513 3200 et
532 3160 640 3231 magno
661 3154 824 3202 mercentur
843 3144 982 3205 Atridae!

128 3221 209 3277 Tum
228 3238 298 3280 vero
318 3220 454 3280 ardemus
475 3220 571 3278 scitari
592 3231 621 3278 et
641 3239 779 3296 quaerere
799 3241 893 3296 casus,
1056 3234 1110 3295 105

129 3297 229 3376 Ignari
248 3299 391 3358 scelerum
411 3308 559 3362 tantorum
579 3298 705 3375 artisque
727 3300 873 3376 Pelasgae.
