2460 3686
137 63 192 136 196
391 56 426 112 P.
458 53 649 112 VERGJLJ
662 53 874 112 Mauortis

137 187 288 244 ‘Alterum
308 183 338 242 iu
359 180 476 242 alterius
497 191 641 240 mactatos
662 181 802 258 sanguine
824 186 964 243 cernam?

138 268 254 337 ‘Arma
275 262 336 337 viri,
358 263 431 322 terte
451 280 549 320 arma:
576 273 663 321 vocat
684 263 734 320 lux
754 261 857 322 ultima
876 262 979 322 victos

138 344 287 404 ‘Reddite
307 361 356 402 me
377 341 490 401 Danais
500 362 509 415 3
530 341 616 400 sinite
636 341 795 402 instaurata
815 342 938 401 revisam
1202 359 1203 438 p

139 423 279 485 ‘Proelia
322 425 496 497 Numquam
517 441 621 480 omnes
642 421 732 481 hodie
753 421 910 481 moriemur
930 421 1037 481 inulti’
1085 426 1143 496 670
1202 443 1203 480 r

178 505 279 563 ‘Hinc
299 504 373 562 ferro
395 501 533 577 accingor
552 521 659 571 rursuS,
680 502 838 578 clipeoque
858 502 1005 562 sinistram
1202 483 1203 512 ¹

139 587 321 654 Insertabam
341 592 454 657 aptans,
478 600 584 656 meque
606 593 686 640 extra
705 593 784 641 tecta
804 583 942 641 ferebam.

139 669 218 725 Ecce
238 675 336 722 autem
357 663 512 737 complexa
531 662 622 737 pedes
642 661 673 720 in
694 661 794 721 limine
810 662 945 722 'coniunx

141 746 300 814 Haerebat,
321 760 506 819 parvumque
526 741 602 817 patri
623 742 766 801 tendebat
788 744 903 800 lulum:

141 824 186 884 ‘Si
206 823 351 901 periturus
372 822 444 892 abis,
467 833 496 881 et
516 840 571 880 nos
593 841 663 896 rape
683 821 713 878 in
735 821 835 880 omnia
855 832 955 881 tecum
965 843 975 896 3
1087 829 1143 900 675

140 905 208 963 ‘Sin
228 903 356 978 aliquam
379 913 514 978 expertus
536 901 660 976 sumptis
681 919 764 977 spem
785 901 873 978 ponis
893 903 925 960 in
945 903 1047 975 armis,

142 987 249 1042 ‘Hanc
268 983 396 1059 primum
417 992 511 1041 tutare
532 983 663 1040 domum.
707 981 765 1041 Cui
786 1001 891 1056 parvus
913 983 1005 1054 iuluS,

142 1063 216 1124 ‘Cui
236 1075 326 1140 pater,
348 1073 379 1122 et
398 1061 527 1120 coniunx
548 1061 700 1135 quondam
721 1073 772 1120 tua
792 1061 872 1120 dicta
892 1063 1089 1138 relinquor?'

181 1146 228 1202 ‘T
229 1143 286 1202 alia
304 1142 466 1202 vociferans
486 1141 596 1217 gemitu
617 1153 727 1201 tectum
749 1161 839 1200 omne
859 1143 992 1217 replebat
1001 1165 1011 1216 3

142 1225 219 1283 Cum
240 1223 369 1283 subitum
390 1222 529 1298 dictuque
551 1221 640 1280 oritur
660 1223 794 1282 mirabile
814 1234 988 1280 monstrum.
1092 1227 1150 1281 680

143 1306 280 1380 Namque
300 1322 405 1360 manus
426 1301 501 1362 inter
521 1312 759 1377 maestorumque
780 1321 831 1362 ora
852 1312 1009 1378 parentum

144 1386 222 1442 Ecce
243 1382 313 1442 levis
335 1401 451 1440 summo
473 1383 511 1441 de
530 1381 638 1440 vertice
659 1383 737 1440 visus
759 1381 818 1440 Iuli

144 1465 279 1523 Fundere
300 1464 400 1520 lumen
420 1481 504 1538 apex,
526 1467 665 1538 tactuque
686 1461 806 1521 innoxia
826 1463 930 1520 molles

144 1545 288 1603 Lambere
308 1543 427 1600 flamma
448 1561 557 1614 comas,
579 1554 610 1600 et
630 1541 740 1600 circum
760 1552 895 1617 tempora
916 1541 1007 1617 pasci.

144 1627 208 1683 Nos
228 1622 326 1699 pavidi
346 1621 492 1697 trepidare
513 1633 603 1693 metu,
625 1621 794 1697 crinemque
815 1623 986 1698 flagrantem
1092 1627 1150 1700 685

146 1706 297 1774 Excutere,
319 1714 348 1761 et
369 1712 486 1760 sanctos
507 1702 685 1777 restinguere
705 1701 836 1762 sontibus
857 1701 947 1778 ignes.

144 1787 184 1841 At
205 1794 287 1858 pater
307 1781 451 1840 Anchises
473 1783 574 1840 oculos
595 1782 634 1840 ad
655 1782 751 1841 sidera
771 1784 866 1841 laetus

145 1862 266 1933 Extulit,
288 1873 317 1921 et
338 1864 419 1920 caelo
440 1863 553 1936 palmas
575 1881 642 1919 curn
664 1881 737 1922 voce
757 1862 899 1922 tetendit:

146 1942 297 2018 ‘Iuppiter
318 1941 515 2017 omnipotens,
538 1941 674 2017 precibus
694 1943 718 2000 si
739 1941 863 2002 flecteris
883 1942 959 2015 ullis,

147 2023 272 2099 ‘Aspice
293 2023 447 2081 nos—hoc
467 2031 661 2094 tantum-et,
684 2021 707 2079 si
728 2023 839 2098 pietate
860 2042 1015 2095 meremur,
1092 2027 1152 2100 690

147 2106 212 2162 ‘Da
232 2102 341 2162 deinde
361 2100 508 2173 auxilium,
529 2111 621 2178 pater,
643 2113 732 2177 atque
753 2103 828 2162 haec
848 2103 948 2162 omina
969 2105 1076 2161 firma’

186 2182 262 2240 ‘Vix
283 2202 319 2241 ea
339 2185 415 2240 fatus
435 2193 497 2241 erat
517 2182 621 2252 senior,
644 2181 802 2257 subitoque
822 2184 934 2258 fragore

146 2263 280 2323 Intonuit
300 2265 425 2332 laevum,
449 2273 478 2320 et
499 2263 536 2321 de
557 2263 640 2320 caelo
660 2264 744 2338 lapsa
763 2281 816 2339 per
835 2265 953 2321 umbras

147 2344 236 2403 Stella
256 2343 350 2400 labem
372 2343 484 2401 ducens
505 2343 597 2400 multa
619 2361 686 2401 cum
708 2344 774 2400 luce
795 2341 927 2402 cucurrit.

147 2425 242 2492 Illam,
264 2441 379 2479 summa
399 2441 486 2496 super
506 2423 655 2480 labentem
677 2423 806 2480 eulmina
826 2420 904 2496 tecti,
1092 2428 1149 2501 695

147 2501 302 2562 Cernimus
324 2503 416 2560 Idaea
436 2503 545 2559 claram
566 2521 598 2560 se
619 2503 747 2560 condere
768 2502 848 2574 silva,

147 2575 376 2658 Signantemque
396 2581 477 2655 vias3
505 2591 567 2638 tum
588 2583 679 2657 longo
700 2581 793 2641 limite
814 2583 911 2640 sulcus

147 2665 209 2721 Dat
228 2663 332 2734 lucem,
355 2671 385 2719 et
405 2661 463 2720 late
484 2660 593 2719 circum
614 2663 680 2720 loca
700 2665 809 2720 sulfure
829 2663 951 2720 sumant

149 2742 209 2800 Hic
229 2761 298 2801 vero
317 2741 412 2800 victus
432 2740 547 2816 genitor
567 2761 599 2800 se
619 2741 695 2801 tollit
715 2743 752 2800 ad
774 2761 866 2815 auras,

148 2823 329 2897 Adfaturque
351 2822 432 2891 deos,
454 2831 484 2880 et
505 2831 639 2879 sanctum
660 2821 741 2880 sidus
762 2823 872 2880 adorat.
1092 2842 1149 2898 700

149 2904 230 2960 ‘lam
251 2901 310 2960 iam
332 2902 412 2958 nulla
432 2920 515 2960 mora
535 2912 596 2974 est;
625 2919 740 2976 sequor,
762 2913 791 2960 et
812 2921 872 2977 qua
891 2901 1007 2973 ducitis,
1029 2903 1145 2962 adsum.

148 2980 206 3039 ‘Di
227 2979 320 3056 patrii,
343 2991 455 3038 servate
477 2981 609 3050 domum,
632 2992 743 3039 servate
765 2985 923 3056 nepotem!

149 3062 304 3117 ‘Vestrum
324 3059 383 3115 hoc
402 3057 563 3130 augurium,
586 3070 741 3134 vestroque
762 3060 793 3116 in
814 3061 936 3118 numine
956 3059 1048 3119 Troia
1068 3075 1122 3122 est.

150 3137 251 3195 ‘Cedo
273 3134 420 3208 equidem,
442 3153 506 3206 nec,
529 3146 607 3206 nate,
629 3137 683 3194 tibi
704 3156 805 3196 comes
825 3138 867 3197 ire
887 3137 1010 3197 recuso!

151 3214 270 3270 Dixerat
291 3212 339 3267 ille
349 3233 357 3284 ;
379 3222 408 3267 et
428 3211 486 3266 iam
508 3230 561 3284 per
582 3214 699 3270 moenia
720 3216 823 3273 clarior
843 3215 917 3290 ignis
1091 3238 1144 3296 705

150 3288 280 3359 Auditur,
302 3287 482 3361 propiusque
502 3298 599 3345 aestus
619 3289 757 3348 incendia
777 3294 906 3353 volvunt.
