2494 3702
422 89 698 149 GEORGICON
710 91 795 150 LIB.
817 94 842 149 I
845 92 873 149 V.

136 232 283 291 Ardebat
304 232 388 290 caelo
408 242 438 290 et
458 231 590 291 medium
611 233 656 291 sol
676 231 779 308 igneus
800 235 902 292 orbem

137 312 300 370 Hauserat
310 333 318 384 3
346 312 467 371 arebant
487 313 604 384 herbae,
627 323 657 371 et
677 331 748 372 cava
768 313 890 373 flumina
910 315 994 389 siccis

136 391 299 453 Faucibus
319 393 359 451 ad
379 391 481 450 limum
501 393 575 451 radii
597 394 743 468 tepefacta
763 396 949 468 coquebant:

138 472 228 530 Cum
249 473 372 531 Proteus
393 483 535 531 consueta
554 483 658 548 petens
680 491 697 531 e
717 472 853 532 fluctibus
873 486 957 533 antra

137 551 236 623 Ibat;
263 571 332 610 eum
353 550 427 610 vasti
448 551 555 610 circum
577 572 649 628 gens
669 553 773 612 umida
791 553 877 629 ponti
1080 579 1138 634 430

137 632 293 690 Exultans
314 651 409 691 rorem
429 633 488 691 late
508 633 649 708 dispergit
669 652 801 691 amarum
808 654 816 706 3
1171 645 1177 654 '

138 713 291 771 Sternunt
310 731 343 771 se
364 731 469 771 somno
489 712 622 772 diversae
641 712 673 770 in
693 712 778 771 litore
799 714 930 788 phocae:

89 806 93 810 ·
138 792 228 866 Ipse,
249 793 330 850 velut
350 792 457 850 stabuli
478 803 579 851 custos
599 791 630 850 in
651 791 802 852 montibus
823 794 902 865 olim,

137 873 264 946 Vesper
282 872 334 930 ubi
354 891 370 930 e
391 881 479 947 pastu
499 872 606 932 vitulos
627 874 665 933 ad
686 882 765 932 tecta
784 871 900 932 reducit

137 951 324 1027 Auditisque
344 953 431 1027 lupos
451 963 561 1011 acuunt
581 952 728 1012 balatibus
749 953 825 1029 agni,
1077 976 1134 1033 435

138 1029 284 1091 Considit
305 1032 428 1106 scopulo
448 1032 573 1103 medius,
596 1051 811 1109 numerumque
831 1045 971 1094 recenset.

139 1111 239 1170 Cuius
260 1111 395 1171 Aristaeo
415 1113 556 1189 quoniam
578 1123 623 1171 est
643 1114 742 1171 oblata
761 1115 891 1181 facultas,

138 1189 204 1249 Vix
226 1192 342 1251 defessa
363 1210 464 1250 senem
484 1211 587 1268 passus
607 1211 787 1268 componere
808 1196 941 1253 membra

138 1273 225 1332 Cum
245 1273 374 1331 clamore
394 1271 450 1330 ruit
471 1291 578 1348 magno
600 1271 781 1347 manicisque
801 1272 946 1332 iacentem

141 1354 290 1427 Occupat
336 1353 390 1410 Ille
411 1371 480 1410 suae
501 1362 609 1410 contra·
624 1371 684 1410 non
705 1352 861 1411 immemor
880 1354 949 1414 artis
1073 1378 1132 1429 440

141 1431 257 1492 Omnia
277 1433 463 1490 transformat
484 1451 548 1491 sese
569 1431 600 1489 in
621 1431 761 1490 miracula
781 1452 887 1506 rerum,

141 1514 311 1588 Ignemque
332 1511 561 1588 horribilemque
581 1514 671 1571 feram
693 1510 874 1589 fluviumque
894 1513 1063 1591 liquentem.

139 1595 255 1651 Verum
276 1591 327 1650 ubi
348 1592 428 1650 nulla
448 1594 549 1668 fugam
569 1591 676 1668 reperit
696 1591 817 1666 fallacia,
839 1592 933 1653 victus

140 1674 181 1730 In
203 1690 267 1732 sese
288 1671 363 1731 redit
383 1683 472 1747 atque
493 1672 621 1731 hominis
642 1673 762 1731 tandem
783 1691 833 1731 ore
853 1675 986 1734 locutus:

141 1753 241 1810 ‘Nam
263 1751 327 1827 quis
348 1763 387 1822 te,
409 1751 548 1810 iuvenum
570 1751 827 1824 confidentissime,
849 1766 963 1813 nostras
1073 1772 1129 1831 445

140 1831 252 1890 ‘Iussit
272 1832 353 1891 adire
374 1833 502 1891 domos?
522 1831 632 1908 quidve
652 1831 721 1890 hinc
741 1832 850 1906 petis?'
870 1833 973 1909 inquit.
1009 1837 1049 1892 At
1069 1835 1130 1893 ille:

140 1910 232 1983 ‘Scis,
255 1914 363 1971 Proteu
372 1931 381 1984 5
409 1911 466 1970 scis
486 1911 551 1986 ipse
560 1931 569 1984 3
591 1929 688 1986 neque
709 1924 753 1970 est
774 1923 803 1970 te
825 1913 923 1971 fallere
944 1913 1122 1989 quicquam;

140 1992 219 2050 ‘Sed
239 2002 271 2050 tn
292 1991 393 2051 desine
414 1993 496 2051 velle.
541 1992 639 2050 Deum
660 2003 817 2067 praecepta
837 1992 931 2050 secuti

138 2070 314 2143 ‘Venimus
336 2071 406 2129 hinc
426 2071 509 2130 lassis
530 2070 694 2146 quaesitum
716 2073 836 2128 oracula
855 2072 961 2129 rebus!

136 2154 273 2210 Tantum
294 2153 406 2210 effatus.
451 2152 499 2210 Ad
519 2151 593 2209 haec
614 2162 696 2209 vates
716 2149 745 2207 vi
767 2149 895 2224 denique
916 2153 1009 2209 multa
1071 2171 1129 2227 450

137 2232 288 2290 Ardentes
310 2233 412 2290 oculos
433 2229 549 2289 intorsit
568 2229 681 2288 lumine
700 2230 814 2306 glauco

138 2313 180 2369 Et
201 2310 326 2387 graviter
345 2311 483 2368 frendens
504 2309 547 2368 sic
566 2309 632 2368 fatis
653 2328 704 2367 ora
724 2307 858 2369 resolvit:

181 2392 271 2449 ‘Non
292 2401 321 2448 te
341 2390 449 2448 nullius
470 2398 607 2448 exercent
627 2387 756 2447 numinis
775 2388 853 2460 irae3

140 2471 271 2546 ‘Magna
291 2467 346 2528 luis
366 2467 542 2527 commissa:
569 2467 622 2527 tibi
643 2469 695 2526 has
715 2468 886 2528 miserabilis
908 2471 1047 2546 Orpheus

140 2549 400 2624 ‘Haudquaquam
421 2549 462 2607 ob
482 2546 618 2606 meritum
638 2566 758 2623 poenas,
774 2547 805 2606 ni
824 2550 884 2608 fata
904 2551 1047 2624 resistant,
1069 2569 1103 2628 45
1108 2571 1124 2628 5

139 2626 293 2699 ‘Suscitat,
315 2638 344 2687 et
365 2638 448 2703 rapta
467 2627 591 2704 graviter
611 2645 665 2702 pro
685 2627 811 2702 coniuge
832 2629 931 2688 saevit.

137 2708 213 2766 ‘Illa
233 2706 361 2783 quidem,
384 2709 456 2766 dum
478 2719 507 2765 te
528 2708 639 2782 fugeret
658 2725 711 2781 per
730 2706 852 2764 fiumina
872 2727 1021 2786 praeceps

137 2789 324 2846 ‘Immanem
345 2799 415 2846 ante
435 2787 528 2862 pedes
549 2786 673 2861 hydrum
694 2785 835 2844 moritura
854 2790 953 2862 puella

138 2869 327 2926 ‘Servantem
347 2868 425 2942 ripas
446 2866 505 2924 alta
525 2883 587 2924 non
606 2864 680 2923 vidit
700 2864 731 2923 in
752 2866 849 2924 herba

138 2949 196 3004 ‘At
218 2949 324 3005 chorus
344 2945 475 3021 aequalis
496 2944 647 3020 Dryadum
668 2946 797 3002 clamore
817 2963 970 3021 supremos
1065 2953 1123 3021 460

137 3027 323 3100 ‘Implerunt
343 3035 477 3095 montes3
504 3024 611 3082 flerunt
632 3023 830 3098 Rhodopeiae
850 3043 930 3086 arces

136 3107 283 3179 ‘Altaque
304 3106 440 3180 Pangaea
461 3113 490 3162 et
511 3101 604 3161 Rhesi
626 3102 774 3162 Mavortia
794 3106 880 3165 tellus

137 3187 254 3260 ‘Atque
275 3185 369 3250 Getae
389 3193 480 3258 atque
502 3183 622 3241 Hebrus
643 3192 673 3240 et
693 3183 795 3242 Actias
817 3185 983 3262 Orithyia*¹

138 3267 225 3340 ‘Ipse
245 3282 318 3322 cava
337 3265 435 3321 solans
455 3280 573 3336 aegrum
594 3261 742 3321 testudine
762 3282 894 3322 amorem

138 3344 209 3418 ‘Te,
231 3342 326 3403 dulcis
346 3340 481 3413 coniunx,
506 3349 535 3397 te
556 3341 620 3397 solo
641 3338 672 3396 in
692 3339 776 3398 litore
797 3359 908 3413 secum,
1064 3347 1119 3414 465
