2442 3686
133 129 193 188 350
385 111 422 170 P.
455 109 649 168 11111111
669 106 884 166 11Α101111

132 236 266 298 0111111111
286 237 427 296 comitum
437 260 446 311 ;
470 239 634 313 Nymphae,
657 255 732 312 quas
752 237 829 294 alma
847 237 976 312 Cybebe
1073 256 1130 294 1111

134 319 253 375 Numen
273 317 381 374 habere
400 317 487 374 maris
510 317 720 391 Nymphasque
741 334 759 373 e
779 316 904 374 navibus
927 334 998 374 esse

134 397 269 466 Iusserat,
289 394 431 452 innabant
452 395 565 470 pariter,
588 395 751 468 fluctusque
773 395 924 467 secabant,

134 473 215 546 Quot
236 473 314 548 prius
336 483 450 531 aeratae
471 483 611 531 steterant
631 474 671 530 ad
693 473 778 532 litora
797 491 911 547 prorae

134 553 327 626 Adgnoscunt
347 552 435 626 longe
454 570 561 626 regem,
583 551 763 626 lustrantque
784 551 906 611 choreis.

135 631 266 703 Quarum
288 648 363 704 quae
384 630 465 688 laudi
484 629 660 700 doctissima,
682 631 879 704 Cymodocea,
1072 645 1128 706 115

135 711 217 768 Ρ111
240 727 365 783 sequeus
387 709 488 766 dextra
508 707 631 782 puppim
654 719 742 778 tenet,
766 710 889 784 ipsaque
909 709 1004 768 dorso

135 787 261 858 Eminet,
281 805 318 844 ac
338 788 420 844 laeva
442 786 537 844 tacitis
560 787 736 861 subremigat
757 786 851 846 undis

135 866 212 922 Tum
233 865 275 924 sic
295 863 426 940 ignarum
448 865 629 939 adloquitur:
654 865 827 940 ‘vigilasne
851 868 941 924 deum
964 885 1050 942 gens,

136 945 275 1002 ‘Aenesi
314 943 418 1018 Vigila,
441 953 471 1002 et
491 943 561 1000 velis
582 942 695 1002 inmitte
715 945 860 1002 rudentes.

135 1023 218 1080 ‘Nos
237 1039 345 1092 sumus,
367 1021 476 1080 Idaeae
496 1040 579 1079 sacro
601 1023 638 1080 de
657 1023 766 1081 vertice
785 1023 879 1097 pinus,
1069 1041 1125 1097 ²30

136 1101 242 1157 ‘Nunc
261 1099 356 1175 pelagi
376 1100 541 1174 Nymphae,
563 1101 662 1158 classis
683 1112 739 1160 tua
784 1103 912 1159 Perfidus
933 1111 968 1160 ut
988 1119 1047 1160 nos

138 1176 329 1252 ‘Praecipites
349 1178 424 1236 lerro
447 1180 573 1236 Rutulus
594 1179 769 1254 flammaque
790 1181 951 1254 premebat,

137 1255 299 1331 ‘Rupimus
320 1255 428 1314 invitae
449 1267 500 1314 tua
522 1257 644 1327 vincula,
666 1266 754 1332 teque
775 1276 829 1332 per
848 1276 961 1332 aequor

137 1334 335 1406 ‘Quaerimus
378 1337 468 1393 Hanc
489 1335 626 1395 Genetrix
647 1335 750 1394 faciem
774 1337 909 1395 miserata
931 1337 1044 1408 refecit,

137 1415 193 1471 ‘Et
216 1414 297 1472 dedit
318 1432 382 1472 esse
403 1415 482 1486 deas,
504 1432 666 1488 aevumque
686 1414 793 1490 agitare
816 1417 871 1475 sub
895 1415 993 1475 undis.
1067 1431 1119 1490 235

137 1493 194 1550 ‘At
215 1511 287 1567 puer
307 1491 449 1550 Ascanius
471 1512 555 1553 muro
576 1492 717 1568 fossisque
738 1505 852 1553 tenetur

137 1572 228 1629 ‘Tela
248 1570 323 1628 inter
344 1571 442 1630 media
462 1583 550 1646 atque
572 1573 720 1631 horrentes
743 1575 839 1632 Marte
862 1572 992 1632 latinos.

138 1651 221 1707 ‘Iam
241 1650 308 1708 loca
328 1649 407 1707 iussa
428 1659 509 1708 tenet
531 1651 595 1709 lorti
617 1650 775 1724 permixtus
798 1654 921 1711 Etrusco

137 1731 245 1788 ‘Arcas
265 1747 362 1804 eques.
405 1728 520 1787 Medias
543 1728 597 1786 illis
619 1747 768 1804 opponere
788 1739 904 1801 turmas,

139 1809 204 1866 ‘Ne
222 1807 321 1866 castris
343 1806 471 1883 iungant,
494 1818 572 1866 certa
594 1818 640 1866 est
661 1807 805 1866 sententia
826 1810 935 1867 Turno.
1067 1828 1120 1879 240

138 1888 244 1962 ‘Surge
264 1905 326 1961 age,
348 1898 378 1945 et
398 1889 510 1944 Aurora
532 1885 627 1944 socios
647 1887 782 1944 veniente
802 1887 898 1945 vocari

139 1965 268 2023 ‘Primus
289 1965 318 2022 in
338 1983 417 2023 arma
435 1963 511 2036 iube,
531 1975 561 2022 et
579 1963 703 2038 clipeum
723 1983 805 2039 cape,
824 1983 910 2038 quern
934 1964 1017 2023 dedit
1038 1965 1101 2040 ipse

139 2044 300 2102 ‘Invictum
321 2042 496 2119 ignipotens,
518 2053 605 2117 atque
625 2061 691 2101 oras
712 2041 814 2101 ambiit
836 2061 914 2102 auro.

138 2121 288 2181 ‘Crastina
309 2124 366 2194 lux,
389 2140 456 2180 mea
477 2121 501 2179 si
525 2140 584 2179 non
607 2120 692 2178 inrita
713 2120 791 2178 dicta
811 2120 927 2195 putaris,

137 2202 294 2275 ‘Ingentes
316 2201 443 2259 Rutulae
463 2200 606 2274 spectabit
626 2199 724 2258 caedis
744 2198 882 2257 acervos!
1067 2215 1118 2275 ²45

138 2278 274 2337 Dixerat:
299 2291 328 2338 et
349 2280 450 2338 dextra
470 2279 623 2337 discedens
643 2278 746 2353 inpulit
766 2279 863 2348 altam,

139 2357 229 2414 Haud
249 2357 348 2432 ignara
368 2357 457 2429 modi,
479 2356 608 2432 puppim.
651 2357 737 2432 Fugit
756 2355 806 2414 illa
825 2374 877 2432 per
896 2355 992 2414 undas

137 2435 227 2495 Ocior
246 2446 276 2493 et
295 2436 391 2494 iaculo
411 2446 442 2495 et
454 2446 559 2494 ventos
579 2447 722 2511 aequante
743 2435 854 2510 sagitta

139 2515 213 2572 Inde
232 2513 306 2580 aliae
326 2517 454 2573 celerant
474 2532 580 2572 cursus.
623 2516 725 2589 Stupet
745 2513 852 2571 inscius
872 2511 935 2588 ipse

137 2595 212 2652 Tros
231 2593 443 2663 Anchisiades;
466 2592 580 2651 animos
600 2602 698 2650 tamen
718 2591 816 2650 omine
836 2593 918 2650 tollit
1066 2609 1120 2668 151

137 2674 214 2730 Τ111
233 2671 359 2730 breviter
378 2690 481 2747 supera
500 2672 675 2746 adspectans
695 2689 827 2729 convexa
846 2679 998 2744 precatur:

137 2752 241 2809 ‘Alma
260 2769 365 2826 parens
387 2751 478 2810 Idaea
497 2750 594 2821 deum,
615 2749 662 2806 cui
683 2749 832 2824 Dindyma
851 2747 941 2818 cordi,

138 2829 380 2904 ‘Turrigeraeque
400 2830 495 2900 urbes,
515 2827 664 2902 biiugique
684 2828 722 2885 ad
742 2828 822 2885 frena
842 2828 943 2885 leones
954 2847 962 2899 3

137 2910 201 2966 ‘Tu
220 2907 292 2967 mihi
311 2927 389 2966 nunc
409 2925 523 2982 pugnae
544 2907 687 2981 princeps,
710 2916 740 2962 tu
761 2905 814 2963 rite
835 2905 1016 2980 propinques

137 2986 321 3061 ‘Augurium,
344 2985 562 3060 Phrygibusque
583 2984 660 3042 adsis
681 2985 765 3058 pede,
787 2984 862 3054 diva,
885 2986 1038 3043 secund0.'
1067 2999 1117 3060 255

136 3066 264 3122 Tantum
285 3065 404 3138 effatus;
429 3075 458 3121 et
478 3063 588 3121 interea
607 3065 737 3121 revoluta
757 3064 860 3120 ruebat

137 3145 253 3200 Matura
273 3140 331 3199 iam
352 3143 416 3198 luce
438 3142 507 3212 dies,
530 3150 706 3215 noctemque
726 3142 846 3216 fugarat

136 3218 282 3292 Principio
302 3218 387 3274 sociis
408 3218 503 3286 edicit,
525 3218 607 3291 signa
626 3229 790 3293 sequantur,

135 3299 233 3368 Atque
253 3293 366 3350 animos
387 3304 488 3366 aptent
508 3293 603 3364 armis,
624 3314 801 3370 pugnaeque
821 3306 924 3370 parent
945 3314 984 3355 se
