2460 3686
390 99 632 158 AENEIDOS
655 101 741 157 ΜΒ.
771 101 836 158 III.
1054 117 1109 176 205

113 228 297 289 ‘Credereti
325 238 376 287 aut
397 247 485 304 quem
507 238 570 288 tum
590 239 672 290 vates
693 231 860 291 Cassandra
880 235 1030 294 moveret?

113 309 288 370 ‘Cedamus
310 309 433 369 Phoebo
454 319 484 368 et
504 309 609 368 moniti
629 309 751 370 meliora
771 315 946 389 sequamur.’

109 388 165 449 Sic
185 388 234 460 ait,
258 399 287 448 et
307 389 407 448 cuncti
428 388 508 449 dicto
529 409 667 466 paremus
688 401 817 452 ovantes.

110 471 210 529 Hanc
230 488 350 545 quoque
371 469 531 529 deserimus
552 471 663 542 sedem,
683 471 845 548 paucisque
864 471 972 534 relictis
1057 493 1112 550 190

109 551 193 609 Vela
214 549 318 608 damus
339 559 515 626 vastumque
536 570 608 609 cava
628 551 711 611 trahe
731 553 872 611 currimus
893 572 1009 629 aequor.

78 619 98 647 s
112 633 281 705 Postquam
302 632 395 688 altum
416 640 536 689 tenuere
556 642 632 690 rates
654 651 709 690 nec
729 632 788 691 iam
809 633 936 709 amphus
957 635 1033 692 ullae

113 713 274 800 Appareqt
294 720 395 781 terrae,
416 712 531 768 caelum
552 711 684 787 undique
705 723 735 771 et
754 713 887 788 undique
908 724 1026 789 pontus,

112 793 198 849 Tum
220 788 292 847 m1hi
312 791 463 849 caeruleus
484 809 571 866 supra
591 803 681 867 caput
701 792 791 852 astitit
811 793 905 852 imber

116 874 249 930 Noctem
270 869 459 945 hiememque
478 872 583 941 ferens,
598 883 628 930 et
641 871 784 931 inhorruit
803 876 884 933 unda
905 873 1040 932 tenebris
1061 889 1112 949 195

116 949 273 1012 Continuo
293 951 373 1010 venti
394 951 516 1009 volvunt
537 970 617 1010 mare
638 970 804 1028 magnaque
824 964 945 1030 surgunt
971 965 985 982 ·’

116 1036 258 1106 Aequora
264 1051 272 1102 ;
299 1029 423 1106 dispersi
444 1030 586 1089 iactamur
605 1032 717 1107 gurgite
737 1045 834 1107 vast03

118 1113 276 1171 Involvere
296 1111 376 1169 diem
397 1109 499 1181 nimbi,
522 1120 551 1169 et
572 1131 631 1170 nox
651 1114 753 1172 umida
773 1116 888 1173 caelum

118 1190 259 1264 Abstulit,
281 1189 465 1266 ingeminant
485 1191 617 1266 abruptis
637 1192 767 1251 nubibus
787 1193 878 1270 ignes.

119 1270 296 1332 Excutimur
316 1289 401 1329 cursu
422 1281 452 1329 et
473 1270 568 1330 caecis
589 1290 717 1330 erramus
738 1272 769 1330 in
789 1275 884 1333 undis
1059 1294 1115 1332 200

119 1356 191 1429 Ipse
212 1351 291 1411 diem
313 1360 492 1426 noctemque
510 1361 600 1425 negat
621 1351 785 1412 discernere
805 1356 889 1413 caelo

119 1436 188 1492 Nec
209 1431 378 1490 meminisse
398 1432 464 1490 viae
485 1431 583 1490 media
604 1432 755 1492 Palinurus
776 1433 807 1493 in
827 1437 914 1496 unda

118 1516 195 1572 Tres
216 1513 292 1571 adeo
312 1511 440 1571 incertos
460 1531 550 1576 caeca
571 1512 695 1588 caligine
715 1516 792 1574 soles

120 1596 260 1652 Erramus
281 1593 395 1668 pelag0,
417 1591 543 1650 totidem
563 1591 627 1650 sine
648 1593 743 1653 sidere
763 1606 874 1654 noctes.

121 1676 237 1747 Quarto
257 1683 334 1731 terra
354 1671 402 1732 die
422 1671 549 1747 primum
571 1691 602 1730 se
623 1675 756 1733 attollere
776 1677 896 1734 tandem
1060 1691 1115 1750 205

120 1755 202 1827 Visa,
224 1753 336 1828 aperire
356 1752 459 1828 procul
479 1763 597 1811 montes
617 1771 653 1811 ac
673 1755 790 1814 volvere
810 1757 929 1814 fumum.

64 1845 73 1861 '
120 1836 197 1893 Vela
218 1834 336 1902 cadunt,
359 1831 447 1890 remis
468 1831 653 1908 insurgimus,
675 1835 756 1893 haud
776 1854 867 1906 mora,
889 1846 997 1894 nautae

121 1913 234 1974 Adnixi
254 1922 393 1988 torquent
414 1931 532 1988 spumas
554 1925 584 1971 et
604 1915 720 1972 caerula
739 1926 865 1974 verrunt

122 1998 276 2055 Servatum
297 2013 333 2051 ex
354 1991 442 2051 undis
463 1994 662 2068 Strophadum
684 2013 732 2053 me
752 1994 837 2053 litora
857 1995 983 2070 primum

122 2072 288 2149 Excipiunt.
322 2073 502 2147 Strophades
524 2073 615 2132 Graio
636 2084 715 2131 stant
734 2074 855 2133 nomme
876 2076 973 2133 dictae
1057 2094 1114 2132 210

124 2155 244 2234 Insulae
266 2151 352 2212 Ionio
373 2151 403 2209 in
426 2171 541 2228 magno,
564 2171 638 2228 quas
659 2153 722 2211 dira
743 2155 875 2214 Celaeno

125 2232 336 2310 Harpyiaeque
357 2233 460 2291 colunt
479 2232 562 2304 aliae,
585 2233 709 2292 Phineia
730 2245 885 2310 postquam

125 2317 234 2375 Clausa
254 2314 361 2372 domus
381 2331 556 2388 mensasque
577 2324 658 2372 metu
677 2313 788 2390 liquere
808 2314 925 2391 priores.

123 2393 250 2453 Tristius
269 2394 349 2452 haud
370 2391 426 2450 illis
447 2403 620 2466 monstrum,
642 2413 697 2453 nec
718 2394 832 2454 saevior
851 2396 910 2454 ulla

125 2474 220 2534 Pestis
242 2483 271 2532 et
292 2473 334 2532 ira
354 2473 445 2532 deum
466 2473 570 2550 Stygiis
592 2493 656 2534 sese
677 2476 778 2534 extulit
798 2476 893 2535 undis.

123 2553 257 2631 Virginei
277 2555 428 2613 volucrum
448 2555 553 2624 voltus,
574 2553 744 2614 foedissima
763 2557 872 2615 ventris

125 2633 284 2705 ProluvieS,
306 2652 460 2708 uncaeque
481 2652 585 2692 manus
606 2646 636 2694 et
655 2636 765 2710 pallida
778 2655 894 2712 semper

126 2717 188 2776 Ora
207 2716 292 2773 same.

168 2797 239 2853 Huc
258 2792 311 2852 ubi
331 2793 421 2853 delati
442 2805 544 2870 portus
565 2793 744 2866 intravimus,
767 2813 837 2854 ecce

127 2879 220 2935 Laeta
239 2877 330 2934 houm
352 2873 461 2949 passim
482 2873 596 2950 campis
617 2884 749 2932 armenta
769 2874 903 2933 videmus

128 2954 386 3032 Caprigenumque
407 2973 497 3029 pecus
519 2955 601 3013 nullo
623 2955 746 3013 custode
767 2973 819 3030 per
840 2954 953 3013 herbas.

129 3034 276 3094 Inruimus
295 3035 380 3104 ferr0,
402 3044 432 3093 et
452 3033 536 3092 divos
556 3035 712 3109 ipsumque
732 3054 872 3093 vocamus

129 3119 166 3176 In
186 3125 300 3191 partem
320 3114 521 3190 praedamque
543 3115 664 3173 Iovem:
692 3124 754 3174 tum
775 3116 859 3174 litore
880 3134 969 3174 curvo

128 3194 370 3269 Exstruimusque
391 3204 471 3252 toros
492 3193 677 3269 dapibusque
698 3197 852 3271 epulamur
872 3194 986 3271 opimis.

128 3278 170 3335 At
190 3274 305 3334 subitae
328 3273 463 3332 horrifico
484 3275 568 3349 lapsu
589 3275 627 3333 de
648 3275 799 3335 montibus
820 3276 929 3336 adsunt

130 3353 281 3432 Harpyiae
301 3363 330 3413 et
350 3352 464 3430 magnis
485 3353 620 3428 quatiunt
640 3356 827 3431 clangoribus
848 3356 916 3426 alaS,
