2442 3686
131 125 191 179 414
353 121 357 126 '
384 105 420 162 Ρ.
454 103 645 161 VERGILI
666 99 877 160 MARONIS

134 227 261 303 Fertque
281 225 426 301 refertque
447 243 564 297 sonans,
587 223 776 301 clipeumque
798 225 947 284 everberat
968 222 1029 284 alis

134 306 182 366 Illi
203 307 337 366 membra
356 323 450 365 novus
471 303 558 364 solvit
577 304 734 365 formidine
756 315 862 380 torpor,

132 389 330 462 Arrectaeque
349 385 469 444 horrore
490 402 603 456 comae,
626 394 656 443 et
675 403 734 443 vox
754 385 887 443 saucibus
907 383 1011 444 haesit

133 467 181 537 At,
203 466 306 542 procul
325 474 358 523 ut
380 462 470 522 Dirae
491 463 645 522 stridorem
665 463 808 538 adgnovit
827 474 856 522 et
875 464 945 538 alas,

133 544 241 604 Infelix
261 544 357 604 crines
378 542 486 602 scindit
507 545 629 601 Iuturna
649 543 771 614 solutos,
1071 544 1129 618 870

133 623 290 700 Unguibus
311 641 363 682 ora
383 640 465 681 soror
484 622 609 681 foedans
631 632 660 681 et
681 632 802 697 pectora
821 620 940 697 pugnis:

133 703 233 778 ‘Quid
253 719 334 762 nunc
354 712 384 761 te
404 712 462 774 tua,
484 702 593 772 Tume‚
615 711 713 776 potest
732 720 871 776 germana
890 700 1006 760 iuvare?

133 786 212 842 ‘Aut
233 781 306 859 quid
326 781 385 840 iam
406 782 496 840 durae
518 791 636 856 superat
656 779 744 839 mihi?
765 799 825 856 qua
844 780 897 839 tibi
918 781 1017 839 lucem

133 865 224 922 ‘Arte
244 863 358 920 morer?
378 861 457 920 talin’
478 877 600 935 possum
620 877 668 918 me
688 878 840 935 opponere
860 861 1012 918 monstro?

132 942 218 1000 ‘lam
238 940 297 1000 iam
317 940 420 1014 linquo
441 938 527 998 acies.
571 941 619 998 Ne
639 957 687 997 me
707 949 812 998 terrete
832 938 993 1013 timentem,
1068 940 1130 1015 875

133 1022 311 1082 ‘Obscenae
330 1020 464 1078 volucres
470 1041 479 1093 3
498 1019 611 1076 alarum
630 1019 752 1077 verbera
771 1037 865 1078 nosco

133 1101 344 1174 ‘Letalemque
365 1117 471 1157 sonum
478 1117 487 1170 3
508 1117 566 1156 nec
584 1098 689 1156 fallunt
708 1097 788 1156 iussa
808 1099 934 1174 superba

133 1177 338 1256 ‘Magnanimi
360 1177 447 1237 Iovis.
491 1179 578 1235 Haec
598 1195 652 1251 pro
672 1175 835 1252 virginitate
856 1177 991 1254 reponit?

134 1258 223 1332 ‘Quo
243 1257 333 1316 vitam
353 1256 435 1316 dedit
455 1259 622 1314 aeternam?
642 1274 694 1314 cur
713 1257 816 1316 mortis
836 1259 973 1334 adempta
994 1269 1040 1318 est
1207 1323 1208 1326 Ἴ

132 1336 318 1397 ‘Condiciol
338 1355 456 1413 possem
477 1345 574 1394 tantos
594 1335 677 1394 finire
698 1336 815 1395 dolores
1066 1339 1126 1396 880

132 1417 244 1475 ‘Nunc
263 1427 350 1488 certe,
372 1426 402 1474 et
422 1414 528 1474 misero
548 1413 627 1472 fratri
647 1433 748 1473 comes
768 1414 809 1474 ire
829 1434 882 1491 per
901 1418 1028 1476 umbras.
1207 1417 1208 1436 ²

132 1495 322 1555 ‘Inmortalis
342 1496 416 1570 ego?
435 1505 487 1553 aut
507 1493 666 1570 quicquam
686 1494 758 1552 mihi
779 1496 865 1554 dulce
885 1515 1019 1556 meorum

132 1575 197 1633 ‘Te
218 1574 289 1645 sine,
311 1576 405 1645 frater,
428 1575 500 1634 erit?
541 1575 568 1634 O
590 1592 666 1649 quae
687 1573 756 1632 satis
778 1573 837 1633 ima
857 1574 990 1636 dehiscat

132 1655 244 1712 ‘Terra
264 1652 343 1724 mihi,
367 1655 531 1728 Manesque
552 1653 639 1712 deam
661 1653 794 1712 demittat
814 1655 853 1713 ad
873 1654 978 1715 imosl'

130 1734 262 1792 Tantum
283 1733 378 1806 effata,
400 1742 488 1807 caput
507 1732 614 1806 glauco
633 1732 764 1792 contexit
784 1734 901 1807 amictu,
1062 1737 1121 1811 885
1207 1779 1208 1810 ,

132 1814 231 1872 Multa
250 1830 381 1889 gemens,
403 1822 432 1871 et
452 1831 484 1870 se
504 1810 594 1870 fluvio
615 1812 672 1870 dea
691 1811 825 1872 condidit
844 1815 912 1873 alto.

170 1896 288 1952 Aeneas
308 1891 398 1951 instat
417 1901 519 1951 contra
539 1892 691 1966 telumque
711 1903 854 1965 coruscat,

131 1975 250 2048 Ingens,
272 1973 435 2042 arboreum,
457 1982 487 2030 et
507 1989 595 2030 saevo
617 1969 659 2028 sic
679 1982 800 2046 pectore
820 1973 909 2031 fatur:

130 2055 237 2128 ‘Quae
269 2071 349 2110 nunc
383 2050 490 2111 deinde
524 2069 606 2110 mora
640 2052 702 2109 est?
733 2062 785 2110 aut
815 2050 887 2126 quid
914 2049 982 2124 iam,
1010 2053 1120 2125 Turne,

211 2133 367 2192 retractas?

131 2215 220 2272 ‘Non
242 2227 337 2285 cursu,
359 2209 452 2271 saevis
472 2210 644 2269 certandum
665 2221 709 2270 est
729 2208 894 2269 comminus
914 2209 1008 2270 armis
1060 2213 1121 2286 890

130 2294 240 2351 ‘Verte
261 2309 365 2350 omnes
386 2301 445 2349 tete
465 2289 496 2347 in
516 2289 614 2362 facies,
636 2300 666 2349 et
685 2291 833 2361 contrahe,
855 2289 1002 2365 quidquid

131 2373 218 2430 ‘Sive
238 2369 343 2429 animis
364 2368 424 2428 sive
444 2379 505 2428 arte
525 2370 604 2427 vales
609 2390 619 2443 ;
639 2380 710 2444 opta
728 2371 821 2429 ardua
840 2368 945 2444 pennis

132 2453 238 2509 ‘Astra
258 2449 349 2525 sequi,
371 2448 561 2523 clausumque
582 2467 654 2506 cava
674 2459 703 2507 te
723 2449 851 2508 condere
872 2447 964 2508 terra'

131 2532 186 2589 Ille
206 2539 295 2604 caput
316 2545 471 2604 quassans:
493 2529 584 2587 ‘Non
604 2547 653 2587 me
674 2538 724 2587 tua
743 2527 854 2587 fervida
873 2538 981 2588 terrent

131 2609 248 2680 ‘Dicta
269 2610 368 2667 ferox:
389 2606 420 2666 di
441 2625 489 2665 me
509 2617 618 2666 terrent
638 2617 668 2665 et
688 2607 822 2682 Iuppiter
841 2607 952 2667 hostis!
1060 2609 1117 2687 895

131 2691 198 2748 Nec
217 2690 301 2764 plura
322 2689 436 2759 effatus,
456 2705 559 2744 saxum
579 2685 775 2762 circumspicit
795 2689 906 2763 ingens,

130 2770 237 2828 Saxum
258 2766 419 2841 antiquum,
441 2765 545 2840 iugens
565 2784 671 2841 eampo
691 2767 773 2840 quod
793 2767 867 2826 forte
887 2766 1012 2840 iacebat,

130 2847 229 2906 Limes
249 2865 320 2922 agro
340 2843 461 2921 positus,
483 2844 564 2903 litem
585 2853 617 2902 ut
637 2843 814 2904 discerneret
833 2845 907 2905 arvis
911 2867 921 2920 ,·

129 2926 189 2984 Vix
208 2926 281 2984 illud
302 2923 370 2983 lecti
390 2924 436 2982 bis
457 2942 508 2982 sex
528 2923 641 2982 cervice
662 2923 801 2996 subirent,
1207 2977 1208 2988 ,

130 3005 238 3080 Qualia
257 3023 338 3062 nunc
358 2999 511 3061 hominum
532 3001 668 3077 producit
688 3022 812 3079 corpora
832 3005 932 3066 tellus:
1061 3023 1117 3080 900
1207 3017 1208 3064 l

130 3085 187 3139 Ille
207 3099 295 3136 manu
315 3091 431 3152 raptum
452 3079 567 3153 trepida
586 3083 742 3155 torquebat
763 3082 794 3140 in
813 3084 939 3158 hostem,
1207 3083 1208 3102 ¹

128 3158 225 3213 Altior
244 3154 397 3226 insurgens
417 3167 447 3213 et
467 3175 554 3214 cursu
576 3158 710 3216 concitus
730 3161 825 3219 heros.

128 3231 187 3288 Sed
208 3245 304 3300 neque
324 3242 487 3288 currentem
509 3251 617 3291 senec
638 3237 791 3309 cognoscit
811 3248 939 3310 euntem,

128 3306 333 3362 Tollentemve
353 3322 442 3361 manu
463 3325 626 3384 saxumque
646 3312 766 3372 inmane
786 3327 975 3392 moventem3
