2462 3678
389 89 630 148 narramus
653 90 739 148 ara.
773 91 822 148 VJ.
1047 91 1102 167 265

96 216 274 290 Aspectans
294 210 397 272 silvam
417 211 592 285 inmensam,
613 223 644 274 et
664 212 707 272 sic
726 213 801 273 sorte
820 226 970 290 precatur:

103 294 155 354 ‘Si
176 313 256 352 nunc
277 313 308 353 se
329 293 415 353 nobis
435 294 484 354 ille
505 314 610 354 aureus
630 296 734 353 arbore
753 313 851 353 ramus

103 375 273 435 ‘Ostendat
294 393 415 434 nemore
433 373 464 433 in
485 379 586 434 tanto!
613 376 735 451 quando
756 373 857 433 omnia
876 394 945 435 vere

105 457 217 514 ‘Heui
245 453 368 513 nimium
389 456 428 515 de
448 465 477 514 te
496 465 586 530 vates,
608 454 734 527 Misene,
755 454 854 514 locuta
875 455 937 514 est.'

101 535 167 593 Vix
190 554 226 594 ea
243 537 321 594 fatus
338 546 409 607 erat,
428 534 564 612 geminae
584 555 653 594 cum
671 537 746 594 forte
765 535 921 594 columbae

104 617 179 692 Ipsa
201 615 257 674 sub
273 612 329 675 'ora
346 615 400 674 viri
416 617 499 676 caelo
519 635 627 676 venere
647 618 788 688 volantes,

105 699 146 755 Et
167 694 253 755 viridi
272 697 375 756 sedere
391 698 464 757 solo.
506 699 585 755 Tum
607 696 753 756 maximus
773 697 860 756 heros

106 779 260 836 Matemas
278 777 433 853 adgnoscit
450 797 528 849 aveS,
547 778 699 854 laetusque
718 787 869 853 precatur:

107 859 198 917 ‘Este
215 858 316 930 duces,
336 876 363 931 o,
382 857 406 916 si
427 878 487 934 qua
503 858 550 917 via
566 869 619 930 est,
638 876 814 933 cursumque
832 876 885 933 per
906 879 991 922 auras

106 940 115 969 ‘
125 935 252 1012 Dirigite
271 935 302 996 in
323 938 415 1012 lucos,
437 938 488 998 ubi
508 938 648 1016 pinguem
667 938 750 998 dives
768 949 874 1014 opacat

106 1019 240 1076 ‘Ramus
261 1018 391 1078 humum.
432 1021 541 1094 Tuque
562 1038 582 1079 o
603 1017 702 1080 dubiis
724 1037 762 1078 ne
784 1020 879 1078 defice
899 1022 996 1096 rebuS,

107 1097 206 1157 ‘Diva
228 1099 352 1175 parens'
393 1098 441 1158 Sic
463 1101 567 1160 effatus
585 1099 708 1176 vestigia
729 1099 834 1175 pressit

104 1178 284 1252 Observans,
306 1199 383 1256 quae
399 1180 482 1256 signa
500 1181 602 1253 ferant,
622 1199 682 1257 quo
701 1180 824 1238 tendere
842 1193 972 1257 pergant

104 1261 267 1318 Pascentes
290 1259 357 1320 illae
377 1270 492 1320 tantum
511 1260 629 1336 prodire
648 1260 786 1331 voland0,

103 1341 260 1415 Quantum
281 1339 344 1400 acie
366 1351 487 1417 possent
508 1340 587 1400 oculi
608 1360 722 1401 servare
746 1350 928 1416 sequentum.

102 1421 186 1480 Inde
206 1419 259 1480 ubi
279 1440 386 1480 venere
408 1423 447 1481 ad
469 1423 568 1481 fauces
591 1441 680 1499 grave
700 1420 806 1480 olentis
828 1424 947 1497 Averni,

101 1501 231 1561 Tollunt
251 1520 283 1560 se
304 1502 413 1561 celeres
433 1502 638 1580 liquidumque
659 1521 712 1578 per
733 1521 799 1560 aera
821 1503 920 1578 lapsae

102 1580 234 1641 Sedibus
255 1581 361 1658 optatis
381 1582 500 1658 gemina
519 1602 606 1659 super
626 1585 730 1642 arbore
753 1581 861 1656 sidunt,

103 1661 246 1721 Discolor
267 1663 348 1721 unde
367 1662 429 1721 auri
451 1682 504 1739 per
526 1683 625 1724 ramos
646 1683 716 1722 aura
736 1662 853 1722 refulsit.

103 1743 204 1816 Quale
226 1743 301 1802 solet
324 1742 403 1802 silvis
425 1743 550 1802 brumali
571 1743 677 1820 frigore
698 1743 811 1802 viscum

103 1824 226 1882 Fronde
247 1822 339 1883 virere
362 1844 447 1898 nova,
465 1825 548 1901 quod
571 1844 632 1883 non
654 1844 707 1883 sua
731 1823 856 1883 seminat
878 1829 973 1901 arbos

105 1905 144 1961 Et
168 1921 274 1963 croceo
295 1906 356 1963 fetu
380 1914 486 1964 teretes
510 1904 691 1964 circumdare
713 1915 853 1963 truncos:

103 1983 188 2042 Talis
207 1993 268 2043 erat
291 1985 404 2060 species
422 1984 485 2044 auri
502 1985 665 2045 frondentis
687 2004 781 2060 opaca

105 2063 188 2136 Ilice,
212 2064 254 2122 sic
273 2064 332 2124 leni
353 2065 515 2142 crepitabat
538 2067 651 2125 brattea
673 2076 771 2125 vento

105 2142 236 2220 Corripit
257 2147 375 2205 Aeneas
399 2146 547 2221 extemplo
569 2145 732 2221 avidusque
757 2144 886 2220 refringit

105 2225 314 2297 Cunctantem,
337 2235 367 2285 et
387 2226 461 2285 vatis
479 2236 576 2303 portat
595 2227 650 2285 sub
667 2235 745 2285 tecta
765 2225 900 2301 Sibyllae.

147 2306 214 2364 Nec
234 2305 332 2364 minus
356 2306 468 2366 interea
491 2306 642 2366 Misenum
664 2305 695 2365 in
719 2305 803 2366 litore
828 2307 936 2366 Teucri

105 2386 232 2445 Flebant
254 2396 283 2446 et
306 2386 396 2446 cineri
416 2385 531 2464 ingrato
554 2406 690 2464 suprema
713 2388 852 2447 ferebant

105 2464 255 2543 Principio
277 2466 416 2544 pinguem
440 2465 534 2526 taedis
558 2478 588 2526 et
609 2469 715 2527 robore
738 2479 818 2527 secto

105 2546 263 2622 Ingentem
288 2556 418 2607 struxere
439 2567 547 2624 pyram,
573 2547 622 2607 cui
644 2548 798 2608 frondibus
821 2547 889 2608 atris

105 2627 248 2686 Intexunt
270 2627 370 2700 latera,
394 2638 423 2687 et
445 2629 547 2688 ferales
569 2639 637 2688 ante
662 2647 815 2704 cupressos

106 2705 309 2781 Constituunt,
331 2709 532 2784 decorantque
553 2727 641 2784 super
664 2708 842 2784 fulgentibus
863 2709 958 2769 annis.

105 2788 177 2845 Pars
197 2787 310 2847 calidos
333 2787 435 2848 latices
459 2799 489 2848 et
510 2792 586 2848 aena
608 2788 752 2848 undantia
773 2787 899 2846 flammis

106 2866 285 2942 Expediunt,
309 2887 475 2946 corpusque
497 2869 595 2927 lavant
617 2867 747 2942 frigentis
772 2877 801 2925 et
823 2879 944 2942 ungunt.

106 2945 154 3005 Fit
177 2948 312 3024 gemitus.
354 2951 434 3007 Tum
457 2948 589 3008 membra
610 2958 676 3007 toro
700 2947 808 3006 defleta
832 2960 987 3024 reponunt,

106 3028 331 3104 Purpureusque
353 3047 441 3104 super
463 3038 568 3102 vestes
594 3025 740 3088 velamina
762 3037 841 3100 nota,

106 3106 275 3166 Coniciunt.
321 3108 391 3167 Pars
411 3107 522 3183 ingenti
543 3108 659 3168 subiere
680 3108 794 3180 feretro,

105 3185 203 3246 Triste
224 3185 427 3260 ministerium,
448 3199 478 3248 et
499 3188 663 3248 subiectam
684 3207 766 3246 more
786 3199 942 3263 parentum

105 3265 210 3324 Aversi
233 3276 353 3326 tenuere
375 3270 477 3326 facem.
526 3269 676 3344 Congesta
699 3277 864 3326 cremantur

106 3347 204 3404 Turea
227 3347 315 3419 dona,
338 3347 438 3422 dapes,
461 3349 527 3406 fuso
549 3357 673 3406 crateres
696 3346 782 3405 olivo.
