2442 3686
388 99 630 158 Aruernos
653 100 739 156 rra.
771 102 807 158 x.
908 89 915 108 '
1036 117 1092 174 347

97 226 195 283 Tum
216 235 299 300 pater
319 226 512 301 omnipotens,
535 245 630 284 rerum
652 226 700 283 cui
720 243 832 284 summa
851 232 988 299 potestas,
1038 239 1092 278 roo

102 305 205 362 Infit:
235 323 270 362 eo
292 305 406 363 dicente
429 305 515 361 deum
535 305 639 362 domus
659 305 718 361 alta
737 302 851 370 silescit,

103 383 156 439 Et
178 382 344 439 tremefacta
366 383 429 440 solo
451 382 552 453 tellus;
577 381 641 440 silet
662 382 767 440 arduus
788 381 905 452 aether;

102 460 196 516 Tum
217 460 338 535 Zephyri
359 478 500 534 posuere;
522 460 626 534 premit
645 459 762 534 placida
782 453 907 532 aequora
927 466 1049 532 pontus:

106 537 269 611 ‘Accipite
290 556 358 611 ergo
379 537 482 594 animis
503 548 590 613 atque
612 539 684 594 haec
704 556 770 596 mea
790 539 867 611 figite
890 534 974 594 dicta.

107 614 383 688 ‘Quandoquidem
402 615 548 673 Ausonios
569 615 706 689 coniungi
726 615 841 672 loedere
863 613 982 672 Teucris
1038 628 1091 687 105

108 693 229 750 ‘Haud
249 691 367 763 licitum,
389 710 444 751 nec
463 703 557 750 vestra
578 693 656 767 capit
676 691 820 751 discordia
839 693 945 750 finem:

109 770 220 844 ‘Quae
239 769 343 845 cuique
361 779 405 828 est
422 771 536 828 fortuna
552 771 648 840 hodie,
665 789 753 844 quam
769 769 890 845 quisque
906 779 985 828 secat
1001 787 1091 844 spem,

112 849 212 906 ‘Tros
233 850 396 906 Rutulusne
416 849 485 918 fuat,
507 850 587 905 nullo
609 848 772 907 discrimine
792 850 925 920 habebo;

114 927 194 983 ‘Seu
216 926 281 984 satis
305 927 409 984 Italum
429 936 522 983 castra
542 925 695 984 obsidione
715 937 857 996 tenentur,

117 1003 203 1060 ‘Sive
225 1022 319 1062 errore
339 1005 416 1061 malo
436 1003 540 1062 Troiae
561 1004 735 1079 monitisque
756 1003 882 1062 sinistris.
1039 1023 1093 1062 110

119 1083 203 1139 ‘Nec
226 1083 352 1140 Rutulos
374 1083 463 1140 solvo.
505 1083 563 1140 Sua
584 1082 687 1156 cuique
709 1101 809 1140 exorsa
829 1083 957 1140 laborem

118 1160 353 1233 ‘Fortunamque
374 1160 472 1217 serent.
515 1161 579 1217 Rex
601 1160 733 1234 Iuppiter
753 1159 887 1218 omnibus
907 1159 994 1217 idem.

120 1238 212 1294 ‘Fata
231 1237 307 1294 viam
326 1236 490 1296 invenient!
530 1237 619 1313 Stygii
641 1256 692 1312 per
712 1238 831 1295 flumina
851 1238 951 1309 fratris,

120 1316 178 1371 Per
199 1314 264 1389 pice
284 1325 425 1373 torrentes
446 1325 564 1390 atraque
584 1315 719 1389 voragine
738 1315 814 1390 ripas

119 1391 241 1463 Adnuit,
263 1403 292 1450 et
314 1403 409 1451 totum
429 1404 500 1450 nutu
521 1394 679 1452 tremefecit
699 1395 864 1469 Olympum.

121 1468 184 1526 Hic
204 1469 270 1528 finis
291 1470 378 1528 sandi.
419 1470 498 1530 Solio
520 1482 582 1529 tum
604 1472 713 1547 Iupiter
733 1490 821 1531 aureo

119 1547 224 1622 Surgit,
247 1547 400 1606 caelicolae
421 1550 549 1607 medium
568 1569 654 1624 quem
673 1551 711 1609 ad
731 1550 832 1609 limina
851 1552 967 1610 ducunt.

161 1627 277 1684 Interea
300 1627 400 1684 Rutuli
420 1627 509 1702 portis
529 1627 638 1686 circum
657 1630 791 1689 omnibus
811 1628 918 1688 instant

120 1705 253 1762 Sternere
274 1705 364 1762 caede
386 1704 469 1775 viros,
493 1715 522 1763 et
543 1706 658 1764 moenia
679 1707 793 1782 cingere
815 1707 943 1768 flammis

119 1783 162 1839 At
183 1781 258 1856 legio
279 1784 449 1860 Aeneadum
470 1784 551 1842 vallis
573 1785 690 1843 obsessa
712 1796 841 1858 tenetur;
1040 1805 1094 1842 120

121 1861 188 1918 Nec
209 1879 275 1935 spes
296 1862 354 1918 ulla
375 1863 465 1936 fugae.
508 1861 608 1921 Miseri
630 1874 706 1922 stant
727 1863 849 1921 turribus
871 1862 935 1922 altis

121 1939 317 2012 Nequiquam,
340 1949 369 1998 et
390 1959 452 1997 rara
472 1959 570 1999 muros
590 1941 704 2000 cinxere
724 1959 849 1998 corona:

119 2015 207 2073 Asius
230 2016 412 2088 Imbrasides,
437 2017 686 2094 Hicetaoniusque
708 2021 893 2094 Thymoetes,

120 2095 311 2170 Assaracique
333 2095 400 2166 du0,
422 2106 451 2154 et
471 2098 567 2154 senior
587 2117 653 2154 cum
675 2099 794 2156 Castore
814 2095 976 2171 Thymbris,

121 2173 218 2230 Prima
238 2172 333 2231 acies:
358 2175 411 2231 hos
432 2175 559 2248 germani
582 2176 754 2250 Sarpedonis
775 2176 870 2245 ambo,

121 2250 161 2307 Et
183 2251 284 2309 Clarus
306 2261 335 2309 et
356 2253 500 2322 Themon,
524 2253 612 2327 Lycia
633 2253 806 2311 comitantur
824 2254 862 2311 ab
882 2254 946 2310 alta.

120 2328 190 2384 Fert
211 2327 312 2402 ingens
335 2338 398 2388 toto
421 2329 561 2388 connixus
583 2350 703 2406 corpore
725 2350 833 2403 saxum,

121 2405 214 2462 Haud
236 2416 345 2479 partem
371 2406 502 2482 exiguam
523 2409 637 2478 montis,
661 2409 813 2484 Lyrnesius
833 2412 956 2480 Acmon,

120 2484 187 2540 Nec
209 2483 305 2558 Clytio
326 2485 455 2558 genitore
477 2485 578 2556 minor,
601 2505 656 2544 nec
675 2489 760 2546 fratre
781 2490 961 2547 Menestheo

122 2561 165 2616 Hi
187 2559 295 2632 iaculis,
317 2561 358 2619 illi
380 2573 490 2621 certant
512 2565 666 2623 defendere
688 2565 771 2635 saxis,

121 2637 277 2712 Molirique
299 2639 404 2714 ignem,
424 2660 571 2715 nervoque
594 2653 693 2717 aptare
715 2642 839 2717 sagittas.

121 2717 190 2790 Ipse
210 2716 284 2774 inter
304 2717 423 2790 medios
446 2718 566 2776 Veneris
587 2719 743 2777 iustissima
763 2740 838 2792 cura,

121 2793 285 2852 Dardanius
306 2806 401 2870 caput,
422 2815 499 2866 ecce,
521 2815 592 2871 puer
612 2799 742 2855 detectus
763 2798 924 2870 honestum,

121 2870 222 2942 Qualis
244 2891 366 2946 gemma,
390 2873 485 2944 micat,
509 2875 618 2932 fulvum
640 2893 714 2949 quae
735 2873 837 2933 dividit
856 2895 964 2946 aurum,

120 2951 180 3006 Aut
202 2951 278 3007 collo
298 2951 397 3021 decus,
418 2961 467 3009 aut
489 2951 593 3025 capiti3
616 2954 663 3009 vel
684 2954 769 3026 quale
790 2970 843 3027 per
863 2965 953 3012 artem

121 3028 270 3084 Inclusum
291 3028 370 3086 buxo
391 3038 441 3086 aut
463 3029 560 3087 Oricia
582 3029 743 3088 terebintho

120 3107 213 3162 Lucet
234 3105 305 3163 ebur
312 3124 321 3176 ;
344 3106 423 3164 fusos
446 3106 541 3164 cervix
563 3106 610 3164 cui
632 3109 725 3166 lactea
745 3106 837 3167 crines

120 3181 235 3256 Accipit
257 3192 286 3240 et
309 3182 389 3241 molli
412 3184 555 3243 subnectit
577 3183 697 3243 circulus
720 3205 796 3244 auro.

120 3261 164 3317 Te
186 3277 303 3334 quoque
322 3259 526 3336 magnanimae
544 3261 686 3335 viderunt,
709 3266 829 3339 Ismare,
851 3275 955 3342 gentes
