2462 3678
168 111 225 170 ²90
425 91 460 150 P.
493 91 680 150 VERGILJ
702 91 915 154 MARONIS

168 219 341 291 ‘Adveniat
362 220 459 280 voltus
480 239 555 279 neve
577 219 762 279 exhorrescat
782 218 900 280 amicos.

169 305 258 362 ‘Pars
279 299 350 359 mihi
371 299 452 376 pacis
473 300 536 372 erit,
558 300 692 359 dextram
713 299 844 377 tetigisse
865 302 990 377 tyranni.

168 384 251 442 ‘Vos
271 390 374 441 contra
393 378 453 456 regi
474 399 542 438 mea
562 398 643 438 nunc
663 381 804 440 mandata
823 381 936 441 reserte.

170 464 242 522 ‘Est
263 459 335 520 mihi
356 469 434 529 nata,
456 460 519 518 viro
539 459 635 536 gentis
656 478 747 535 quam
769 459 889 536 iungere
910 472 1033 522 nostrae

170 543 261 601 ‘Non
281 538 376 617 patrio
398 559 435 598 ex
455 539 544 615 adyto
566 549 668 612 sortes,
690 558 751 599 non
773 541 899 616 plurima
919 543 1007 601 caelo

170 624 325 680 ‘Monstra
345 618 462 679 sinunt:
489 638 614 696 generos
635 619 761 679 extemis
782 621 883 680 adfore
903 621 943 680 ab
963 621 1033 693 oris,

171 704 261 761 ‘Hoc
282 698 374 760 Latio'
387 710 494 759 restare
515 709 633 770 canunt,
655 699 707 775 qui
727 700 869 776 sanguine
889 712 1027 760 nostrum

171 783 309 840 ‘Nomen
328 779 360 838 in
380 791 457 839 astra
478 780 580 838 serant.
624 781 717 839 Hunc
736 779 820 839 illum
841 799 964 856 poscere
985 783 1049 840 fata

169 864 226 921 ‘Et
246 879 320 933 reor,
342 869 380 931 et,
403 859 427 919 si
449 859 521 936 quid
541 858 602 918 veri
623 877 707 918 mens
728 872 858 936 augurat,
882 860 974 950 opto?

170 944 258 1001 Haec
277 942 389 1012 effatus,
411 958 505 1016 equos
526 958 650 999 numero
670 950 755 1016 pater
774 939 855 1016 eligit
874 938 975 1000 omni.

170 1021 294 1083 Stabant
314 1031 499 1080 tercentum
520 1018 633 1078 nitidi'
625 1038 656 1077 rn
676 1021 867 1101 praesepibus
888 1019 974 1080 altis·

171 1100 319 1163 Omnibus
339 1100 488 1176 extemplo
509 1099 632 1158 Teucris
653 1089 736 1160 iub'et
756 1099 859 1159 ordine
880 1099 951 1160 duci

171 1183 315 1242 Instratos
335 1190 415 1239 ostro
436 1179 566 1255 alipedes
587 1177 732 1255 pictisque
751 1179 877 1255 tapetis:

170 1263 269 1321 Aurea
288 1259 458 1336 pectoribus
479 1258 607 1319 demissa
627 1259 749 1319 monilia
769 1261 922 1336 pendent·
914 1304 922 1332 ,

170 1339 256 1400 Tecti
276 1359 355 1412 auro,
377 1339 489 1398 fulvum
509 1339 655 1398 mandunt
675 1342 730 1399 sub
751 1339 889 1399 dentibus
909 1359 1026 1399 aurum

170 1419 295 1480 Absenti
314 1421 436 1479 Aeneae
456 1439 571 1478 currum
591 1417 784 1495 geminosque
804 1418 923 1496 iugales,

171 1498 290 1561 Semine
310 1501 349 1558 ab
369 1498 509 1572 aetherio,
531 1499 674 1574 spirantes
694 1499 813 1558 naribus
833 1499 939 1575 ignem,

172 1581 294 1640 Illorum
314 1577 353 1638 de
373 1590 470 1655 gente,
493 1579 568 1656 patri
590 1599 665 1654 quos
686 1579 813 1638 daedala
832 1578 919 1640 Circe

170 1657 329 1736 Supposita
349 1659 388 1718 de
408 1671 501 1718 matre
522 1660 629 1718 nothos
650 1660 744 1718 furata
763 1659 880 1718 creavit.

170 1739 293 1798 Talibus
313 1740 473 1798 Aeneadae
493 1738 580 1798 donis
600 1739 745 1814 dictisque
767 1738 865 1798 Latini

171 1818 317 1879 Sublimes
337 1817 368 1877 in
389 1819 472 1894 equis
493 1820 624 1891 redeunt,
646 1837 810 1895 pacemque
831 1829 989 1895 reportant

212 1901 291 1958 Ecce
312 1910 411 1958 autem
433 1898 562 1958 Inachiis
583 1917 648 1959 sese
667 1900 810 1958 referebat
831 1900 870 1957 ab
889 1897 976 1974 Argis

171 1981 264 2039 Saeva
285 1979 366 2038 Iovis
385 1979 522 2051 coniunx,
544 1998 687 2054 aurasque
707 1977 824 2038 invecta
843 1979 982 2046 tenebat;

172 2061 211 2119 Et
230 2061 341 2118 laetum
362 2061 495 2118 Aeneam
517 2060 700 2134 classemque
720 2077 757 2116 ex
776 2059 894 2118 aethere
914 2058 1004 2133 longe

173 2139 353 2198 Dardaniam
374 2137 472 2198 Siculo
494 2137 643 2214 prospexit
663 2138 701 2198 ab
722 2157 816 2214 usque
838 2139 987 2215 Pachyno.

174 2219 272 2278 Moliri
292 2219 351 2278 iam
373 2229 452 2278 tecta
471 2217 559 2291 videt,
582 2217 640 2276 iam
660 2219 752 2277 fidere
771 2229 882 2289 terrae;

173 2296 344 2359 Deseruisse
364 2310 447 2358 rates
490 2297 575 2359 Stetit
595 2296 654 2356 acri
673 2299 731 2356 fixa
750 2298 861 2357 dolore.

170 2382 249 2438 Tum
270 2397 411 2456 quassans
426 2389 520 2470 caput
540 2379 615 2437 haec
635 2378 759 2438 effundit
779 2388 900 2454 pectore
920 2375 1021 2438 dicta:
1213 2435 1214 2450 1

173 2461 262 2519 ‘Heu
283 2458 404 2536 stirpem
424 2458 556 2532 invisam,
579 2469 609 2519 et
629 2457 695 2517 latis
715 2457 859 2516 contraria
878 2455 985 2516 nostris
1085 2499 1108 2538 .
1213 2463 1214 2516 ss

173 2541 265 2599 ‘Fata
285 2541 451 2616 Phryguml
487 2505 568 2598 Nurir
590 2537 682 2615 Sigeis
703 2539 880 2598 occumbere
900 2536 1021 2613 campis,

173 2621 271 2679 ‘Num
291 2619 372 2696 capti
392 2630 513 2695 potuere
534 2617 624 2695 capi?
657 2637 729 2676 num
750 2617 870 2678 incensa
889 2616 1029 2708 cremavit
1106 2635 1154 2693 ²95

172 2699 279 2759 ‘Troia
297 2701 398 2760 viros?
439 2697 556 2759 Medias
576 2699 653 2758 acies
674 2696 849 2774 mediosque
869 2716 922 2774 per
941 2695 1023 2772 ignes

173 2783 336 2840 ‘Invenere
356 2779 441 2840 viam.
484 2780 533 2850 At,
555 2780 655 2849 credo,
676 2798 744 2837 mea
763 2777 886 2836 numina
907 2777 1029 2836 tandem

173 2863 282 2920 ‘Fessa
301 2861 407 2933 iacent,
428 2858 504 2919 odiis
524 2870 575 2918 aut
596 2867 761 2918 exsaturata
780 2857 895 2932 quievi:
896 2891 937 2900 —

172 2939 272 3016 ‘Quin
292 2940 380 3000 etiam
401 2943 495 3016 patria
513 2957 652 2998 excussos
671 2937 778 2997 infesta
797 2955 850 3013 per
870 2937 964 2996 undas

173 3022 271 3079 ‘Ausa
290 3020 381 3094 sequi,
404 3032 434 3080 et
454 3019 583 3095 profugis
604 3029 667 3078 toto
688 3037 736 3076 me
757 3036 916 3107 opponere
930 3027 1034 3092 ponto.
1098 3037 1151 3092 300

173 3097 401 3171 ‘Absumptae'
393 3117 424 3154 1n
444 3099 575 3155 Teucros
596 3096 671 3156 vires
691 3095 824 3171 caelique
845 3095 999 3170 marisque

173 3173 271 3245 ‘Quid
292 3176 389 3246 Syrtes
409 3185 459 3231 aut
479 3176 577 3248 Scylla
596 3174 675 3248 mihi,
699 3174 771 3250 quid
791 3185 874 3233 vasta
894 3174 1059 3250 Charybdis

173 3248 327 3306 ‘Profuitl
354 3251 466 3322 Optato
487 3252 656 3310 conduntur
675 3252 833 3328 Thybridis
854 3253 948 3323 alve0,

84 3406 87 3411 Ι
173 3325 289 3384 ‘Securi
310 3325 408 3398 pelagi
427 3335 517 3400 atque
537 3329 604 3386 mei.
649 3334 730 3389 Mars
751 3331 876 3405 perdere
895 3343 1017 3406 gentem
