2468 3692
118 45 178 164 3⁸84
366 87 402 145 P.
437 85 629 144 Veroli]
649 85 860 144 Maronis

121 213 209 271 Nunc
227 211 283 270 mit
302 211 341 270 ad
361 221 457 280 terras,
477 211 672 285 scopulosque
692 209 845 283 superiacit
865 209 946 268 unda
1032 211 1089 283 625

120 292 270 366 Spumeus,
292 301 507 363 extremamque
527 288 591 346 sinu
611 288 757 362 perfundit
777 306 911 358 arenam

121 371 209 427 Nunc
228 368 345 444 rapidus
364 377 448 438 retro,
468 379 556 441 atque
576 377 658 424 aestu
677 367 807 424 revoluta
826 367 979 424 resorbens

120 449 195 506 Saxa
214 445 294 521 fugit,
314 445 440 518 litusque
458 447 535 503 vado
555 445 672 502 labente
691 442 832 517 relinquit

121 524 169 582 Bis
188 524 277 582 Tusci
297 525 422 581 Rutulos
441 541 524 597 egere
544 523 582 580 ad
602 520 718 580 moenia
737 540 851 581 versos:

121 603 169 660 Bis
189 602 286 661 reiecti
306 601 391 658 armis
411 610 575 676 respectant
594 610 673 675 terga
693 611 829 674 tegentes.
1032 603 1093 674 630

120 680 218 738 Tertia
238 680 290 738 sed
310 691 465 754 postquam
485 680 630 754 congressi
649 679 680 736 in
700 677 809 752 proelia
829 688 905 736 totas

121 758 284 833 Inplicuere
303 757 379 816 inter
398 776 430 816 se
449 758 535 828 acies,
556 757 682 830 legitque
702 757 794 814 virum
813 756 873 814 vir:

120 838 197 894 Tum
217 855 285 894 vero
306 846 335 894 et
354 835 478 911 gemitus
498 835 680 904 morientum,
701 847 731 893 et
750 834 888 908 sanguine
908 833 939 892 in
959 835 1021 892 alto

120 918 267 988 Armaque
287 931 466 989 corporaque
486 924 515 973 et
534 913 668 988 permixti
689 913 779 971 caede
798 912 923 970 virorum

120 991 308 1052 Semianimes
327 993 481 1050 volvrmtur
500 991 590 1067 equi;
616 1009 714 1065 pugna
732 1009 834 1064 aspera
853 989 948 1065 surgit
1032 993 1091 1066 635

120 1070 288 1130 Orsilochus
309 1070 435 1140 Remuli,
458 1070 576 1144 quando
595 1069 691 1144 ipsum
711 1070 846 1126 horrebat
865 1069 953 1138 adire,

121 1150 246 1206 Hastam
267 1148 379 1206 intorsit
399 1166 484 1222 equo,
506 1149 669 1221 ferrumque
689 1148 743 1205 sub
763 1165 832 1204 aure
852 1145 985 1220 reliquit3

121 1228 190 1300 Quo
210 1226 326 1300 sonipes
345 1224 405 1284 ictu
425 1225 491 1284 furit
511 1227 624 1295 arduus,
645 1226 762 1299 altaque
782 1224 870 1282 iactat

120 1303 253 1363 Vulneris
273 1303 427 1378 impatiens
446 1315 557 1362 arrecto
576 1313 694 1377 pectore
715 1322 804 1360 crura

119 1381 252 1440 Volvitur
271 1383 318 1439 ille
339 1400 476 1440 excussus
495 1381 583 1440 humi
626 1381 747 1440 Catillus
768 1381 871 1452 Iollan,
1030 1383 1091 1450 640

121 1462 331 1534 lugentemque
350 1458 463 1530 animis,
484 1459 632 1534 ingentem
652 1477 773 1532 corpore
793 1468 823 1516 et
841 1457 927 1516 armis

120 1536 227 1596 Deiicit
248 1537 431 1596 Herminium
440 1558 450 1608 ;
475 1539 557 1596 nudo
576 1535 624 1594 cni
643 1537 748 1595 vertice
768 1539 846 1594 fulva

120 1617 277 1685 Caesaries,
298 1615 426 1689 nudique
447 1615 558 1674 humeri
567 1635 576 1686 ;
603 1632 659 1672 nec
678 1617 796 1673 volnera
815 1624 922 1673 terrent
931 1637 941 1688 ;

118 1695 230 1750 Tantus
251 1693 280 1750 in
300 1711 381 1750 arma
400 1703 487 1766 patet
530 1695 619 1750 Latos
639 1691 708 1750 huic
727 1693 810 1750 hasta
829 1710 881 1767 per
900 1708 998 1753 armos

119 1774 195 1828 Acta
214 1771 317 1840 tremit,
339 1771 527 1845 duplicatque
546 1770 639 1828 virum
659 1772 794 1828 transfixa
814 1771 922 1830 dolore.
1032 1775 1089 1848 645

120 1848 261 1907 Funditur
280 1859 341 1906 ater
360 1848 469 1922 ubique
490 1867 590 1906 cruor:
617 1849 688 1905 dant
707 1849 807 1906 funera
827 1850 900 1907 ferro

120 1928 270 1985 Certantes
290 1927 496 2001 pulchramque
516 1936 619 2000 petunt
637 1944 689 2000 per
707 1927 826 1984 volnera
844 1938 976 1986 mortem.

158 2008 197 2062 At
217 2004 327 2062 medias
347 2003 421 2061 inter
441 2005 546 2062 caedes
566 2005 689 2062 exsultat
708 2006 847 2074 Amazon,

120 2083 221 2142 Unum
241 2093 352 2140 exserta
371 2083 444 2138 latus
464 2100 588 2156 pugnae,
609 2083 772 2156 pharetrata
793 2083 934 2142 Camilla:

121 2162 159 2217 Et
177 2178 256 2218 nunc
276 2161 355 2218 lenta
373 2178 461 2216 mann
481 2177 617 2233 spargens
636 2159 751 2217 hastilia
769 2160 879 2230 denset,
1014 2165 1091 2238 '650

121 2240 208 2295 Nunc
227 2237 351 2295 validam
373 2238 474 2300 dextra
492 2237 567 2310 rapit
586 2236 731 2295 indefessa
750 2237 907 2312 bipennem
912 2257 922 2308 ς

119 2318 230 2373 Aureus
251 2334 287 2374 ex
306 2317 426 2373 humero
447 2326 530 2373 sonat
550 2333 632 2372 arcus
653 2324 682 2373 et
701 2333 781 2372 arma
801 2315 924 2374 Dianae.

120 2394 175 2450 Illa
195 2393 289 2464 etiam,
311 2394 335 2450 si
355 2394 474 2468 qnando
493 2392 524 2450 in
544 2403 655 2466 tergum
674 2394 757 2467 pulsa
777 2393 902 2463 recessit,

119 2469 235 2544 Spicula
255 2489 395 2530 converso
415 2469 554 2545 fugientia
574 2469 670 2544 dirigit
689 2489 763 2528 arcu
1148 2528 1152 2534 .

120 2551 159 2605 At
179 2547 285 2606 circum
305 2549 397 2608 lectae
418 2549 546 2619 comites,
569 2548 732 2623 Larinaque
751 2550 839 2624 virgo,
1031 2555 1089 2628 655

119 2625 271 2701 Tullaque,
294 2638 323 2685 et
341 2637 468 2685 aeratam
488 2626 620 2701 quatiens
640 2626 765 2702 Tarpeia
784 2627 914 2699 securim,

121 2704 257 2775 Italides3
284 2723 355 2778 quas
375 2705 438 2779 ipsa
457 2705 545 2763 decus
565 2705 621 2764 sibi
641 2705 689 2763 dia
710 2705 833 2764 Camilla

120 2781 245 2854 Delegit,
266 2782 403 2856 pacisque
423 2784 516 2843 bonas
536 2784 664 2858 bellique
683 2782 833 2841 ministras.

120 2858 228 2930 Quales
248 2861 398 2919 Threiciae
418 2881 508 2936 quum
527 2861 647 2919 fiumina
666 2860 892 2920 Thermodontis
1103 2927 1109 2936 ,

120 2936 247 3021 Pulsant,
269 2948 297 2995 et
317 2937 402 3012 pictis
422 2941 565 2997 bellantur
584 2942 748 2998 Amazones
768 2939 871 2998 armis:
1031 2944 1094 3000 660

119 3013 176 3067 Seu
197 3029 303 3096 circum
324 3015 515 3091 Hippolyten,
537 3036 588 3075 seu
608 3036 699 3090 quum
720 3036 751 3077 se
772 3017 878 3076 Martia
897 3035 981 3076 curru

120 3086 302 3168 Penthesilea
321 3093 413 3161 refert,
435 3112 598 3166 magnoque
618 3096 747 3152 ululante
767 3097 891 3154 tumultu

120 3160 257 3216 Feminea
276 3167 420 3225 exsultant
439 3170 544 3228 lunatis
565 3170 679 3244 agmina
698 3173 790 3246 peltis.

120 3235 215 3303 Quem
235 3237 294 3294 telo
313 3239 446 3314 primum,
467 3264 554 3318 quem
575 3259 761 3322 postremum,
783 3269 884 3326 aspera
903 3249 995 3327 virgo,
