2474 3682
115 93 174 150 314
367 72 402 130 P.
437 73 627 130 VERGILI
647 71 860 130 MARONIS

116 201 246 272 Dixerat,
269 212 298 262 et
318 198 411 260 niveis
431 201 502 260 hinc
522 210 612 276 atque
632 198 704 258 hinc
724 196 792 259 diva
811 195 929 258 lacertis

117 285 316 344 Cunctantem
337 283 475 357 amplexu
495 280 577 340 molli
599 281 686 340 fovet
731 280 786 339 Ille
807 288 929 355 repente

115 361 241 439 Accepit
261 361 380 421 solitam
399 362 558 432 flammam,
585 371 734 436 notusque
755 360 901 418 medullas

117 441 240 501 Intravit
261 443 347 512 calor,
371 452 401 501 et
421 442 567 501 labefacta
587 460 639 516 per
660 459 729 498 ossa
749 438 893 498 cucurrit:
1064 461 1127 518 390

117 524 188 581 Non
209 541 293 581 secus
314 531 403 596 atque
424 521 503 594 olim,
526 519 636 580 tonitru
657 539 726 578 curn
746 529 832 594 rupta
852 537 979 580 corusco

118 604 209 677 Ignea
229 600 302 660 rima
323 600 434 660 micans
455 599 595 676 percurrit
615 599 727 658 lumine
746 600 872 659 nimbos.

116 681 213 740 Sensit
233 682 310 740 laeta
331 681 406 740 dolis
428 692 457 739 et
476 683 587 740 formae
608 679 730 740 conscia
749 679 887 738 coniunx.

116 763 192 819 Tum
215 773 298 837 pater
318 772 438 821 aeterno
459 762 535 819 latur
554 761 709 819 devinctus
730 778 848 818 amore:

117 839 216 914 ‘Quid
236 860 340 900 causas
360 840 436 917 petis
457 859 493 900 ex
514 842 596 900 alto?
623 839 733 899 fiducia
753 839 843 898 cessit
1062 861 1124 920 395

118 922 204 994 ‘Quo
225 919 287 992 tibi,
310 920 385 990 diva
408 919 490 980 mei?
530 919 638 980 Similis
660 919 684 978 si
705 939 774 978 cura
794 918 906 990 fuisset,

117 1002 212 1059 ‘Tum
232 1019 351 1076 quoque
372 1000 415 1058 las
436 999 523 1059 nobis
544 1002 676 1059 Teucros
696 1018 810 1058 armare
830 999 956 1073 fuisset3

118 1081 203 1139 ‘Nec
224 1082 311 1139 Pater
330 1079 519 1157 omnipotens
540 1079 662 1139 Troiam
682 1099 739 1138 nec
759 1081 819 1138 fata
837 1081 981 1139 vetabant

117 1162 215 1221 ‘Stare
236 1160 399 1236 decemque
420 1159 493 1219 alios
514 1159 662 1218 Priamum
684 1178 835 1235 superesse
855 1178 908 1235 per
927 1179 1035 1220 annos.

117 1242 174 1299 ‘Et
195 1259 283 1311 nunc,
305 1239 329 1298 si
350 1239 458 1300 bellare
478 1259 563 1317 paras
584 1251 674 1315 atque
695 1240 769 1298 haec
789 1238 843 1298 tibi
863 1259 949 1299 mens
971 1253 1026 1312 est,
1058 1264 1124 1314 400

117 1319 289 1396 ‘Quidquid
309 1319 340 1377 in
360 1331 421 1379 arte
442 1340 508 1380 mea
528 1339 649 1396 possum
670 1319 840 1396 promittere
861 1329 958 1391 curae,

118 1401 225 1474 ‘Quod
245 1399 307 1458 fieri
327 1402 402 1459 ferro
423 1400 572 1475 liquidove
593 1410 692 1475 potest
712 1402 830 1471 electro,

116 1481 286 1554 ‘Quantum
307 1480 390 1555 ignes
410 1480 585 1556 animaeque
605 1481 712 1549 valent,
735 1479 843 1540 absiste
864 1484 1017 1556 precando

118 1559 251 1620 ‘Viribus
271 1559 435 1619 indubitare
457 1559 532 1619 tuis'
574 1562 619 1618 Ea
638 1563 730 1619 verba
749 1561 865 1620 locutus

116 1643 242 1716 Optatos
263 1639 345 1698 dedit
364 1640 525 1716 amplexus,
547 1640 756 1716 placidumque
777 1639 881 1716 petivit
1060 1664 1125 1724 405

116 1719 259 1796 Coniugis
280 1719 391 1778 infusus
411 1720 524 1796 gremio
545 1739 597 1796 per
617 1722 750 1780 membra
771 1740 916 1796 soporem.

156 1801 233 1858 Inde
253 1799 304 1858 ubi
325 1799 419 1876 prima
440 1800 523 1875 quies
544 1801 645 1860 medio
666 1800 725 1859 iam
746 1801 842 1860 noctis
862 1803 986 1862 abactae

116 1879 267 1940 Curriculo
290 1881 439 1956 expulerat
460 1900 605 1954 somnum,
628 1901 697 1939 cum
718 1880 828 1940 femina
848 1881 985 1958 primum,

116 1960 172 2021 Cui
194 1960 317 2020 tolerare
338 1961 405 2020 colo
426 1960 517 2020 vitam
538 1961 680 2037 tenuique
702 1961 839 2020 Minerva

116 2039 300 2116 Impositum,
322 2040 450 2100 cinerem
473 2052 501 2100 et
522 2041 635 2117 sopitos
656 2041 776 2101 suscitat
796 2041 879 2118 ignes
1062 2069 1130 2120 410

116 2123 245 2180 Noctem
265 2120 379 2179 addens
400 2121 490 2197 operi,
513 2123 696 2198 famulasque
716 2122 755 2180 ad
777 2122 890 2182 lumina
910 2124 1004 2200 longo

115 2203 241 2260 Exercet
261 2220 363 2276 pens0,
387 2213 502 2260 castum
523 2213 555 2261 ut
576 2221 689 2261 servare
710 2201 806 2262 cubile

115 2279 266 2357 Coniugis,
289 2291 318 2339 et
338 2281 431 2357 possit
451 2301 557 2358 parvos
580 2283 707 2342 educere
727 2294 830 2342 natos:

115 2362 208 2420 Haud
229 2379 314 2422 secus
336 2361 508 2438 Ignipotens
529 2381 585 2422 nec
606 2374 738 2438 ternpore
760 2363 876 2439 segnior
895 2363 948 2423 illo

115 2441 256 2500 Mollibus
279 2460 295 2500 e
315 2441 409 2501 stratis
431 2461 521 2518 opera
541 2443 580 2501 ad
601 2442 715 2502 fabrilia
735 2443 833 2519 surgit.
1061 2469 1126 2529 415

114 2523 217 2580 Insula
236 2520 384 2580 Sicanium
405 2521 485 2581 iuxta
505 2525 580 2582 latus
601 2524 797 2600 Aeoliamque

115 2601 242 2679 Erigitur
261 2601 395 2678 Liparen,
419 2603 710 2662 fumantibusardua
730 2603 816 2677 saxis,

114 2685 212 2758 Quam
234 2685 335 2742 subter
354 2702 460 2758 specus
481 2694 510 2742 et
531 2685 697 2759 Cyclopum
719 2703 806 2743 exesa
826 2683 951 2744 caminis

112 2766 206 2822 Antra
226 2765 361 2822 Aetnaea
380 2773 493 2835 tonant,
514 2762 662 2838 validique
684 2763 840 2823 incudibus
860 2763 936 2823 ictus

113 2842 216 2903 Auditi
237 2844 363 2902 referunt
383 2843 535 2919 gemitum,
558 2843 744 2920 striduntque
765 2843 896 2903 cavernis
1062 2872 1130 2920 420

113 2922 269 2983 Stricturae
291 2923 467 2998 Chalybum,
488 2934 517 2982 et
537 2923 704 2982 lomacibus
721 2923 796 3000 ignis
819 2924 947 2999 anhelat,

113 3001 239 3061 Volcani
259 3002 376 3072 domus,
397 3013 426 3061 et
446 3003 592 3062 Volcania
609 3003 730 3063 nomine
753 3006 845 3064 tellus.

114 3083 185 3138 Hoc
215 3090 287 3136 tunc
307 3080 480 3154 Ignipotens
498 3084 581 3141 caelo
604 3083 759 3143 descendit
780 3086 818 3143 ab
838 3086 906 3144 alto.

113 3160 236 3214 Ferrum
256 3158 431 3215 exercebant
453 3171 536 3220 vasto
560 3163 706 3238 Cyclopes
728 3164 760 3222 in
781 3175 874 3236 antro,
925 3177 928 3184 '

113 3236 296 3320 Brontesque
315 3235 510 3325 Steropesque
532 3242 677 3328 ettnudus
695 3244 829 3334 membra
847 3246 1028 3320 Pyracmon.
1062 3275 1128 3334 4²⁵

115 3311 176 3366 His
196 3311 387 3366 informatum
409 3315 544 3374 manibus
565 3338 625 3377 ram
648 3333 730 3395 parte
755 3324 848 3399 polita
