2460 3686
148 63 207 122 234
401 43 437 101 P.
466 43 656 104 VERGILI
675 45 887 106 MARONIS

147 191 239 266 Vidit,
260 203 291 254 et
310 193 442 272 aequatis
461 197 586 255 classem
607 196 765 273 procedere
785 197 864 266 velis,

150 271 306 350 Litoraque
326 285 356 333 et
376 294 484 335 vacuos
504 275 595 334 sensit
615 277 678 336 sine
698 277 807 353 remige
827 289 937 353 portus,

148 352 265 428 Terque
286 365 446 429 quaterque
465 373 555 414 manu
576 368 678 430 pectus
697 374 836 431 percussa
855 357 997 417 decorum

149 431 362 508 Flaventesque
382 433 510 493 abscissa
531 452 640 506 comas,
663 436 738 494 ‘Pro
759 435 908 512 Iuppiterl
940 436 995 496 ibit
1085 453 1142 512 590

150 509 247 582 ‘Hic‚'
267 511 316 584 ait,
341 515 389 572 ‘et
408 513 514 573 nostris
535 513 666 574 inluserit
690 515 805 574 advena
824 515 942 591 regnis?

150 591 236 648 ‘Non
257 608 338 649 arma
358 592 523 668 expedient,
545 603 666 669 totaque
686 611 723 652 ex
742 596 814 654 urbe
835 605 1004 670 sequentur,

150 669 381 746 ‘Deripientque
401 683 477 732 rates
496 670 545 730 alii
565 673 740 732 navalibus?
768 675 823 745 Ite,

150 749 251 808 ‘Ferte
271 747 321 808 citi
342 751 483 820 flammas,
504 752 574 810 date
592 754 666 824 vela,
686 751 819 829 inpellite
838 771 942 812 remos.

149 827 248 903 ‘Quid
277 830 406 904 loquor?
445 840 497 890 aut
529 830 581 890 ubi
614 835 704 892 sum?
739 833 824 907 Quae
857 844 986 893 mentem
1025 831 1140 892 insania

226 911 342 967 mutat?
1082 928 1137 988 595

149 987 273 1047 ‘Infelix
294 987 395 1048 Didol
424 1008 503 1048 nunc
523 1000 553 1050 te
572 992 649 1050 facta
668 988 759 1068 impia
778 993 923 1068 tangunt?
956 1053 958 1058 ,

150 1067 243 1124 ‘Tum
263 1068 370 1140 decuit,
391 1088 459 1128 curn
480 1080 596 1145 sceptra
614 1071 714 1130 dabas.
757 1071 804 1129 En
824 1071 926 1130 dextra
946 1071 1093 1146 fidesque,

149 1146 264 1218 ‘Quem
286 1166 387 1206 secum
408 1148 517 1223 patrios
537 1149 620 1209 aiunt
640 1161 755 1225 portare
776 1161 908 1226 penates,

148 1227 264 1299 ‘Quem
285 1226 409 1287 subiisse
429 1229 537 1288 umeris
557 1229 726 1289 confectum
747 1240 842 1289 aetate
862 1234 1036 1305 parentem!

149 1307 237 1363 ‘Non
258 1305 342 1382 potui
361 1310 515 1382 abreptum
536 1307 673 1368 divellere
693 1328 809 1385 corpus,
831 1320 862 1369 et
882 1308 969 1368 undis
1079 1313 1137 1368 600

149 1386 324 1461 ‘Spargerel
351 1405 412 1446 non
432 1387 537 1460 socios,
559 1407 620 1447 non
641 1388 738 1463 ipsum
759 1389 912 1448 absumere
931 1389 1008 1448 ferro

148 1465 334 1536 ‘Ascanium
355 1465 512 1542 patriisque
533 1469 714 1544 epulandum
736 1487 846 1544 ponere
866 1467 997 1528 mensis?

147 1546 275 1602 ‘Verum
296 1563 406 1620 anceps
426 1565 544 1623 pugnae
564 1549 658 1606 luerat
678 1544 961 1606 fortuna—Fuisset
972 1569 981 1620 ;

146 1625 261 1697 ‘Quem
281 1625 373 1684 metui
395 1627 560 1686 moritura?
596 1629 687 1686 Faces
708 1626 738 1686 in
759 1638 855 1686 castra
875 1627 1015 1698 tulissem,

148 1705 387 1780 ‘Inplessemque
408 1706 487 1764 loros
507 1705 640 1776 flammis,
663 1717 824 1782 natumque
845 1716 1017 1782 patremque
1078 1711 1133 1783 605

148 1783 244 1842 ‘Cum
263 1802 370 1859 genere
390 1784 560 1852 exstinxem‚
582 1797 690 1845 memet
711 1804 798 1861 super
819 1785 883 1861 ipsa
902 1785 1060 1845 dedissem.

147 1863 222 1933 ‘Sol,
245 1863 295 1938 qui
316 1873 455 1922 terrarum
477 1863 602 1922 flammis
622 1883 713 1940 opera
732 1864 832 1924 omnia
852 1867 965 1936 lustras,

147 1943 272 2017 ‘Tuque
292 1943 395 1999 harum
415 1942 555 2020 interpres
577 1963 709 2002 curarum
735 1955 765 2003 et
788 1944 907 2004 conscia
928 1946 1015 2016 Iuno,

147 2021 382 2096 ‘Nocturnisque
405 2024 521 2082 Hecate
543 2021 631 2082 triviis
655 2024 767 2082 ululata
787 2043 839 2100 per
859 2026 953 2096 urbes,

147 2103 203 2159 ‘Et
226 2100 315 2160 Dirae
335 2101 459 2171 ultrices,
481 2113 511 2161 et
532 2101 563 2160 di
583 2102 733 2162 morientis
755 2103 875 2174 Elissae,
970 2168 974 2174 ,
1077 2106 1134 2162 610
1204 2117 1205 2120 ’

146 2179 295 2255 ‘Accipite
316 2181 397 2253 haec,
420 2181 617 2257 meritumque
638 2182 722 2242 malis
742 2182 883 2243 advertite
904 2200 1024 2254 numen,

146 2260 202 2317 ‘Et
224 2270 337 2318 nostras
358 2258 457 2319 audite
477 2279 586 2336 preces.
629 2261 659 2320 Si
680 2272 800 2338 tangere
819 2273 920 2338 portus

147 2341 324 2397 ‘Infandum
344 2350 434 2414 caput
454 2359 490 2397 ac
510 2339 591 2398 terris
611 2342 721 2400 adnare
741 2360 861 2400 necesse
882 2352 933 2412 est,

146 2421 203 2476 ‘Et
223 2418 265 2475 sic
285 2420 346 2476 fata
368 2418 446 2476 lovis
467 2430 603 2495 poscunt,
624 2419 674 2478 hic
694 2420 834 2479 terminus
858 2422 979 2481 haeret:

149 2500 204 2555 ‘At
224 2498 303 2557 bello
323 2497 444 2556 audacis
464 2498 568 2574 populi
588 2510 709 2558 vexatus
731 2511 759 2559 et
780 2499 876 2572 armis,
1076 2506 1130 2579 615

149 2574 285 2635 ‘Finibus
306 2576 436 2646 extorris
458 2578 615 2652 complexu
635 2580 752 2637 avolsus
775 2578 841 2650 Iuli,

145 2655 310 2714 ‘Auxilium
332 2655 465 2732 inploret,
486 2656 643 2733 videatque
664 2657 785 2734 indigna
805 2676 925 2718 suorum

146 2739 280 2795 ‘Funera
291 2757 299 2808 ;
327 2754 391 2805 nec,
413 2755 481 2794 cum
502 2755 533 2795 se
554 2738 610 2795 sub
631 2738 710 2812 leges
729 2736 810 2814 pacis
831 2737 950 2814 iniquae

146 2814 337 2888 ‘Tradiderit
360 2834 451 2891 regno
471 2825 522 2874 ant
542 2826 643 2891 optata
664 2818 729 2875 luce
749 2819 867 2887 fruatur,

146 2895 220 2954 ‘Sed
240 2896 328 2954 cadat
348 2906 417 2957 ante
438 2895 517 2954 diem
538 2895 694 2969 mediaque
715 2895 883 2956 inhumatus
903 2915 998 2957 arena
1073 2899 1128 2957 620

145 2975 248 3033 ‘Haec
268 2989 391 3049 precor;
413 2975 489 3033 hanc
500 2993 603 3033 vocem
617 2985 776 3034 extremam
790 2994 858 3034 cum
874 2976 1016 3051 sanguine
1029 2979 1125 3036 fundo.

145 3055 240 3110 ‘Tum
260 3072 321 3127 vos,
345 3071 365 3110 o
385 3053 473 3128 Tyrii,
495 3053 615 3129 stirpem
637 3064 666 3112 et
689 3073 782 3129 genus
803 3073 892 3120 omne
913 3057 1042 3115 futurum

145 3134 304 3190 ‘Exercete
325 3129 409 3201 odiis,
432 3131 580 3206 cinerique
601 3135 675 3191 haec
694 3132 800 3192 mittite
821 3144 923 3193 nostro

146 3212 295 3268 ‘Munera
339 3210 444 3266 Nullus
465 3227 548 3266 amor
566 3210 692 3285 populis,
712 3229 769 3269 nec
788 3214 908 3271 foedera
927 3224 1023 3272 sunto.

147 3285 303 3344 ‘Exoriare
322 3284 426 3358 aliquis
447 3285 552 3344 nostris
572 3305 609 3344 ex
629 3287 744 3346 ossibus
765 3292 849 3362 ultor,
1070 3297 1123 3370 625
