2442 3686
388 82 630 142 AENEIDOS
654 83 740 141 ΜΒ.
769 83 806 142 Χ.
1038 86 1095 158 ³⁶3

115 210 250 282 ‘Victon
271 227 327 270 nec
348 211 466 284 longum
487 209 648 268 laetabere:
675 220 704 268 te
725 229 842 286 quoque
861 214 920 270 sata
1042 229 1096 285 740

116 293 330 365 ‘Prospectant
352 287 441 363 paria,
464 297 551 362 atque
572 287 676 346 eadem
699 306 768 347 mox
789 307 857 348 arva
876 289 1008 350 tenebis!

114 369 169 427 Ad
191 386 276 443 quem
298 365 449 426 subridens
471 365 561 424 mixta
580 365 745 424 Mezentius
764 367 823 426 ira:

118 449 230 504 ‘Nunc
246 463 375 504 morere:
396 454 440 502 ast
454 443 492 502 de
508 461 556 501 me
570 443 669 503 divom
685 455 768 518 pater
780 458 869 521 atque
881 445 1032 506 hominum
1046 467 1096 507 rex

115 525 249 584 Viderit’
291 526 360 582 Hoc
383 522 484 581 dicens
505 522 605 580 eduxit
626 540 747 596 corpore
767 525 863 581 telum

117 603 181 664 Olli
201 605 273 661 dura
293 601 375 675 quies
396 602 496 659 oculos
518 610 547 658 et
570 601 677 657 ferreus
700 611 801 673 urguet
1038 619 1093 678 745

117 684 261 740 Somnus:
287 679 318 738 in
341 690 487 738 aeternam
509 677 680 736 clauduntur
701 676 810 736 lumina
831 691 956 739 noctem.

118 758 265 819 Caedicus
286 759 461 816 Alcathoum
484 757 645 823 obtruncat,
669 757 801 814 Sacrator
822 759 1002 832 Hydaspen,

117 837 364 910 Partheniumque
388 837 475 908 Rapo
497 844 527 892 et
548 835 721 907 praedumm
743 834 851 893 viribus
871 837 982 896 Orsen:

117 918 274 988 Messapus
298 913 492 986 Cloniumque
516 912 753 986 Lycaoniumque
777 913 928 986 Ericeten3

116 995 207 1052 Illum
231 990 348 1050 infrenis
370 990 437 1066 equi
458 993 540 1064 lapsu
563 991 664 1047 tellure
687 989 838 1061 iacentem,
1038 1011 1093 1070 750

117 1074 210 1129 Hunc
234 1069 362 1145 peditem
384 1069 483 1142 pedes.
526 1069 565 1125 Et
585 1067 690 1141 Lycius
714 1079 893 1141 processerat
914 1071 1002 1146 Agis:

116 1151 216 1222 Quem
239 1158 338 1206 tamen
361 1147 439 1204 haud
463 1164 563 1219 expers
585 1145 706 1203 Valerus
730 1145 839 1204 virtutis
860 1147 953 1207 avitae

116 1227 245 1298 Deiicit3
271 1236 302 1282 at
323 1223 485 1282 Thronium
508 1222 609 1292 Salius,
631 1223 798 1297 Saliumque
818 1227 951 1300 Nealces,

115 1304 245 1380 Insignis
267 1304 361 1361 iaculo
384 1313 413 1360 et
437 1303 523 1375 longe
547 1301 663 1358 fallente
685 1301 795 1374 sagitta.

158 1385 222 1441 Iam
245 1379 338 1457 gravis
360 1380 504 1454 aequabat
526 1379 619 1434 luctus
642 1389 670 1436 et
691 1390 791 1438 mutua
812 1383 930 1440 Mavors
1037 1400 1091 1460 755

117 1463 241 1532 Funera,
266 1459 427 1517 caedebant
448 1457 553 1531 pariter
574 1455 736 1530 pariterque
756 1460 879 1518 ruebant

115 1539 251 1597 Victores
275 1536 419 1610 victique3
445 1552 540 1608 neque
564 1533 609 1591 his
631 1535 698 1608 fuga
721 1548 798 1608 nota,
821 1557 916 1614 neque
938 1539 1000 1598 illis.

117 1618 158 1674 Di
184 1617 263 1674 Iovis
283 1614 314 1671 in
336 1614 418 1672 tectis
442 1613 512 1669 iram
534 1611 702 1670 miserantur
722 1613 839 1673 inanem

116 1696 286 1762 Amborum‚
311 1703 340 1750 et
361 1703 457 1748 tantos
478 1690 644 1748 mortalibus
666 1710 729 1750 esse
749 1693 880 1768 labores3

117 1773 201 1830 Hinc
224 1773 331 1841 Venus,
355 1771 422 1826 hinc
443 1777 543 1826 contra
567 1779 677 1841 spectat
700 1771 831 1828 Saturnia
852 1775 935 1832 Iuno.
1038 1781 1094 1849 760

117 1849 234 1908 Pallida
254 1848 414 1923 Tisiphone
436 1844 533 1904 media
554 1844 628 1903 inter
648 1847 738 1904 millia
758 1849 855 1908 saevit

116 1931 159 1986 At
182 1946 250 1985 vero
274 1927 421 2000 ingentem
444 1925 576 1999 quatiens
600 1924 761 1983 Mezentius
784 1928 895 1986 hastam

116 2005 264 2063 Turbidus
286 2004 442 2078 ingreditur
463 2021 575 2078 campo.
617 2003 714 2075 Quam
736 2023 856 2079 magnus
877 2005 976 2078 Orion,

118 2086 219 2156 Quum
243 2083 333 2157 pedes
357 2080 466 2140 incedit
488 2080 576 2138 medii
600 2100 652 2156 per
673 2082 798 2140 maxima
821 2085 909 2142 Nerei

118 2165 228 2236 Stagna
248 2160 324 2218 viam
347 2160 491 2232 scindens,
513 2161 634 2220 humero
656 2161 849 2235 supereminet
869 2163 980 2236 undas;
1039 2169 1093 2240 765

118 2243 187 2311 Aut,
211 2239 328 2296 summis
350 2241 475 2297 reserens
498 2257 638 2298 annosam
660 2239 807 2298 montibus
831 2259 942 2312 ornum,

119 2316 340 2391 Ingrediturque
363 2318 427 2375 solo
450 2327 481 2375 et
503 2329 590 2392 caput
611 2316 685 2376 inter
708 2318 809 2375 nubila
830 2320 949 2378 condit:

118 2395 200 2454 Talis
224 2414 255 2452 se
278 2394 365 2454 vastis
388 2395 473 2454 infert
495 2395 657 2454 Mezentius
679 2395 772 2456 armis.

120 2473 204 2530 Huic
227 2483 328 2532 contra
348 2476 472 2544 Aeneas,
497 2475 661 2548 speculatus
685 2475 714 2531 in
738 2474 852 2550 agmine
873 2478 969 2552 longo,

120 2549 234 2610 Obvius
255 2551 296 2609 ire
318 2561 406 2626 parat.
449 2554 553 2610 Manet
573 2551 767 2626 inperterritus
791 2554 848 2626 ille,
1039 2571 1095 2628 770

121 2630 249 2686 Hostem
273 2630 489 2704 magnanimum
513 2631 676 2704 opperiens,
700 2640 730 2687 et
752 2633 830 2689 mole
851 2651 903 2690 sua
925 2642 999 2704 stat;

120 2709 219 2780 Atque
241 2707 332 2765 oculis
356 2707 481 2782 spatium
505 2726 647 2778 emensus,
668 2717 807 2780 quantum
830 2708 898 2767 satis
919 2711 1035 2767 hastae:

121 2785 258 2853 ‘Dextra
285 2785 356 2842 mihi
380 2786 459 2856 deus,
485 2795 514 2843 et
537 2787 634 2855 telum,
658 2785 737 2858 quod
759 2785 865 2843 missile
888 2785 969 2857 libro,

121 2863 229 2918 ‘Nunc
251 2862 365 2920 adsint!
405 2865 507 2920 Voveo
530 2862 684 2936 praedonis
708 2881 829 2937 corpore
851 2865 940 2938 raptis

122 2939 282 2996 ‘Indutum
304 2939 404 3014 spoliis
425 2939 519 3014 ipsum
541 2950 579 3009 te,
605 2941 707 3010 Lause,
728 2951 878 3014 tropaeum
1041 2960 1093 3018 775

122 3017 277 3074 ‘Aeneae'
317 3017 407 3089 Dixit,
430 3017 656 3092 stridentemque
678 3017 790 3075 eminus
813 3019 924 3077 hastam

122 3094 214 3164 Iecit;
240 3104 270 3152 at
293 3094 341 3152 illa
362 3096 464 3153 volans
488 3095 581 3168 clipeo
604 3105 648 3152 est
671 3113 799 3167 excussa,
821 3099 979 3173 proculque

122 3171 276 3245 Egregium
300 3175 431 3230 Antoren
455 3173 528 3230 latus
552 3173 626 3230 inter
649 3183 678 3232 et
702 3173 750 3230 ilia
772 3174 850 3248 figit;

125 3249 259 3313 I·Ierculis
281 3253 411 3308 Antoren
433 3251 579 3320 comitem,
602 3249 652 3328 qui
673 3250 776 3308 missus
797 3254 835 3310 ab
856 3253 939 3331 Argis
