2460 3686
149 117 204 170 242
399 99 435 156 P.
473 97 659 156 VERGILI
685 96 897 156 MARONIS

150 225 235 282 Parte
256 221 353 298 prior;
380 232 492 297 partem
513 233 607 282 rostro
628 221 734 298 premit
754 222 870 280 aemula
890 219 1004 281 Pristis.

149 306 189 363 At
210 302 310 362 media
330 301 427 362 socios
448 301 590 362 incedens
611 321 686 362 nave
706 322 759 378 per
779 302 874 378 ipsos¹

152 386 295 442 Hortatur
316 383 508 443 Mnestheus:
538 385 653 456 ‘Nunc,
675 402 755 441 nunc
775 381 914 459 insurgite
935 382 1036 455 remis,

152 462 314 524 ‘Hectorei
335 462 415 535 socii,
437 462 544 523 Troiae
565 481 640 538 quos
662 474 739 523 sorte
760 482 898 539 suprema
1097 484 1144 538 190

151 543 274 620 ‘Delegi
295 542 418 602 comites
428 563 437 617 ;
464 562 543 602 nunc
563 542 627 602 illas
647 543 773 620 promite
793 543 878 616 vireS,

152 626 258 683 ‘Nunc
279 623 403 695 animos,
426 622 531 698 quibus
552 622 583 682 in
605 623 737 682 Gaetulis
758 623 889 700 Syrtibus
909 621 957 683 usi

152 704 316 780 ‘Ionioque
336 704 409 762 mari
430 705 606 779 Maleaeque
627 702 803 780 sequacibus
824 703 919 762 undis

152 786 239 844 ‘Non
260 785 318 842 iam
339 783 433 859 prima
453 794 523 858 peto
545 785 729 857 Mnestheus,
751 803 850 859 neque
869 783 992 845 vincere
1013 795 1115 858 cert0;

153 865 358 941 ‘Quamquam
379 865 510 923 ol—sed
530 875 678 941 superent,
701 864 808 941 quihus
829 865 896 937 hoc,
921 866 1082 941 Neptune,
1107 866 1148 924 de-

191 943 277 1005 disti·
1099 966 1112 1004 r

153 991 325 1084 ‘Extreriros
345 1026 457 1101 pudeat
477 1023 615 1086 rediisse:
643 1025 703 1086 hoc
723 1024 839 1098 vincite,
862 1023 950 1096 cives,
1116 963 1146 1022 9⁵

153 1107 209 1164 ‘Et
230 1104 384 1182 prohibete
405 1105 505 1164 nefas!
547 1105 607 1166 Olli
628 1105 788 1166 certamine
809 1125 926 1165 summo

152 1187 370 1245 Procumbunt:
397 1185 486 1244 vastis
506 1185 604 1245 tremit
623 1185 733 1247 ictibus
753 1205 839 1245 aerea
859 1185 976 1263 puppis,

151 1266 393 1340 Subtrahiturque
414 1267 510 1325 solum
519 1288 528 1340 5
555 1276 617 1324 tum
638 1267 740 1326 creber
759 1265 906 1326 anhelitus
927 1277 1010 1326 artus
1207 1323 1208 1356 ,

150 1346 302 1422 Aridaque
323 1365 374 1405 ora
394 1346 506 1420 quatit;
534 1348 625 1406 sudor
646 1346 710 1406 fluit
730 1346 860 1423 undique
880 1346 957 1405 rivis
1099 1366 1149 1405 200
1207 1363 1208 1422 l

152 1426 258 1485 Attulit
282 1425 345 1502 ipse
370 1425 438 1486 viris
461 1437 596 1502 optatum
621 1446 705 1486 casus
730 1429 881 1486 honorem.

153 1509 291 1583 Namque
313 1508 411 1566 furens
435 1506 526 1565 animi
551 1509 623 1566 dum
645 1526 762 1584 proram
785 1508 824 1566 ad
847 1526 916 1566 saxa
940 1507 1108 1585 suburguet
1207 1509 1208 1584 ξ

153 1586 280 1647 Interior
303 1586 458 1663 spatioque
483 1588 561 1647 subit
585 1589 736 1663 Sergestus
759 1586 872 1662 iniquo,
1207 1589 1208 1604 ¹

153 1667 260 1727 Infelix
284 1667 360 1726 saxis
382 1667 412 1725 in
437 1668 673 1744 procurrentibus
697 1667 799 1727 haesit.

153 1749 323 1810 Concussae
345 1758 455 1820 cauteS,
479 1758 507 1808 et
531 1757 619 1807 acuto
643 1747 674 1806 in
698 1748 809 1807 murice
833 1747 906 1806 remi
1097 1765 1149 1824 205
1205 1759 1208 1788 ⁴

153 1827 265 1888 Obnixi
288 1847 436 1904 crepuere,
459 1827 604 1903 inlisaque
627 1847 714 1904 prora
738 1829 889 1906 pependit.

69 1964 71 1969 .
153 1910 341 1984 Consurgunt
361 1918 476 1982 nautae,
501 1918 531 1967 et
554 1927 662 1984 magno
686 1911 814 1968 clamore
836 1918 995 1983 morantur,

156 1991 348 2063 Ferratasque
372 1990 472 2047 trudes
494 2000 524 2048 et
545 1999 632 2047 acuta
652 1989 776 2064 cuspide
799 2000 903 2048 contos

153 2068 332 2146 Expediunt‚
357 2068 522 2145 fractosque
546 2070 647 2145 legunt
667 2068 698 2128 in
720 2068 832 2147 gurgite
856 2087 960 2128 remos.

151 2151 193 2209 At
215 2151 308 2209 laetus
331 2149 505 2208 Mnestheus
528 2168 725 2226 successuque
746 2149 840 2209 acrior
861 2149 927 2225 ipso
1096 2169 1152 2208 210

152 2229 279 2307 Agmine
302 2248 450 2289 remorum
471 2229 558 2289 celeri
580 2229 734 2305 ventisque
758 2229 870 2289 vocatis

152 2311 250 2370 Prona
271 2309 345 2386 petit
369 2309 468 2383 maria,
494 2321 523 2370 et
544 2311 650 2387 pelago
673 2311 799 2370 decurrit
821 2319 931 2387 aperto.

154 2391 257 2463 Qualis
280 2390 422 2466 spelunca
445 2390 544 2451 subito
566 2403 718 2451 commota
739 2393 885 2462 columba,

154 2469 211 2530 Cui
233 2472 340 2530 domus
365 2481 395 2529 et
418 2471 520 2530 dulces
544 2472 692 2531 latebroso
717 2471 748 2530 in
772 2471 891 2549 pumice
912 2469 984 2543 nidi,

154 2553 256 2610 Fertur
272 2549 304 2608 in
326 2569 395 2609 arva
418 2553 529 2624 volans,
552 2553 747 2628 plausumque
770 2552 906 2611 exterrita
928 2551 1037 2626 pennis
1094 2568 1149 2627 215

153 2633 214 2691 Dat
236 2641 315 2692 tecto
338 2630 497 2707 ingentem,
520 2651 592 2690 mox
615 2635 682 2692 aere
704 2634 787 2708 lapsa
810 2631 911 2707 quieto

153 2711 244 2772 Radit
267 2711 322 2772 iter
343 2711 497 2788 liquidum,
522 2713 632 2772 celeres
656 2731 754 2788 neque
777 2721 947 2771 commovet
970 2711 1055 2770 alas:

153 2793 201 2854 Sic
226 2794 410 2864 Mnestheus,
434 2792 477 2852 sic
500 2790 565 2868 ipsa
588 2793 657 2868 luga
681 2803 760 2852 secat
784 2792 888 2850 ultima
910 2790 1011 2850 Pristis

144 2871 300 2950 'Aequora
326 2873 369 2933 sic
392 2872 472 2931 illam
494 2875 549 2932 fert
570 2871 698 2948 impetus
719 2872 783 2949 ipse
805 2873 963 2931 volantem.

153 2949 193 3013 Et'
215 2953 342 3030 primum
367 2953 397 3012 in
422 2954 546 3030 scopulo
570 2955 732 3013 luctantem
757 2951 866 3012 deserit
889 2954 949 3012 alto
1092 2974 1149 3012 220

152 3035 318 3110 Sergestum
342 3032 540 3109 brevibusque
564 3033 655 3104 vadis,
678 3035 840 3110 frustraque
862 3044 1019 3093 vocantem

152 3113 276 3184 Auxilia,
302 3123 332 3173 et
354 3112 452 3172 fractis
477 3113 642 3172 discentem
666 3133 781 3174 currere
802 3113 898 3174 remis.

153 3193 230 3254 Inde
253 3195 338 3269 Gyan
360 3193 515 3268 ipsamque
538 3192 652 3269 ingenti
676 3196 755 3253 mole
780 3193 968 3255 Chimaeram

153 3273 370 3346 Consequitur,
397 3271 485 3340 cedit,
511 3271 650 3344 quoniam
677 3273 802 3348 spoliata
825 3274 964 3348 magistro
988 3283 1042 3333 est

65 3347 68 3353 ’
152 3353 238 3410 Solus
258 3350 378 3425 iamque
401 3347 467 3423 ipso
490 3360 622 3423 superest
645 3349 677 3409 in
700 3353 759 3411 fine
782 3353 958 3423 Cloanthus,
1093 3372 1146 3432 225
