<?xml version="1.0" encoding="UTF-8"?>
<!DOCTYPE html PUBLIC "-//W3C//DTD XHTML 1.0 Transitional//EN"
    "http://www.w3.org/TR/xhtml1/DTD/xhtml1-transitional.dtd">
<html xmlns="http://www.w3.org/1999/xhtml" xml:lang="en" lang="en">
 <head>
  <title>
</title>
<meta http-equiv="Content-Type" content="text/html;charset=utf-8" />
  <meta name='ocr-system' content='tesseract 3.04.00' />
  <meta name='ocr-capabilities' content='ocr_page ocr_carea ocr_par ocr_line ocrx_word'/>
</head>
<body>
  <div class='ocr_page' id='page_1' title='image "./pvergilimaronis13virggoog/pvergilimaronis13virggoog_0240.png"; bbox 0 0 2460 3686; ppageno 0'>
   <div class='ocr_carea' id='block_1_1' title="bbox 386 86 1100 164">
    <p class='ocr_par' dir='ltr' id='par_1_1' title="bbox 386 86 1100 164">
     <span class='ocr_line' id='line_1_1' title="bbox 386 86 1100 164; baseline 0.004 -19"><span class='ocrx_word' id='word_1_1' title='bbox 386 86 627 149; x_wconf 52' lang='lat' dir='ltr'>irruamus</span> <span class='ocrx_word' id='word_1_2' title='bbox 650 87 736 148; x_wconf 77' lang='lat' dir='ltr'>rra.</span> <span class='ocrx_word' id='word_1_3' title='bbox 758 89 816 148; x_wconf 77' lang='lat' dir='ltr'>JV.</span> <span class='ocrx_word' id='word_1_4' title='bbox 1047 108 1100 164; x_wconf 64' lang='grc' dir='ltr'><strong>ψ</strong></span> 
     </span>
    </p>
   </div>
   <div class='ocr_carea' id='block_1_2' title="bbox 80 236 1099 3443">
    <p class='ocr_par' dir='ltr' id='par_1_2' title="bbox 80 236 1099 797">
     <span class='ocr_line' id='line_1_2' title="bbox 80 236 859 316; baseline 0.001 -17"><span class='ocrx_word' id='word_1_5' title='bbox 80 240 168 300; x_wconf 92' lang='lat' dir='ltr'>Sola</span> <span class='ocrx_word' id='word_1_6' title='bbox 191 238 258 313; x_wconf 88' lang='lat' dir='ltr'>sibi,</span> <span class='ocrx_word' id='word_1_7' title='bbox 278 257 395 315; x_wconf 87' lang='lat' dir='ltr'>semper</span> <span class='ocrx_word' id='word_1_8' title='bbox 413 240 534 316; x_wconf 90' lang='lat' dir='ltr'>longam</span> <span class='ocrx_word' id='word_1_9' title='bbox 552 236 725 298; x_wconf 77' lang='lat' dir='ltr'><strong>incomitata</strong></span> <span class='ocrx_word' id='word_1_10' title='bbox 743 237 859 300; x_wconf 90' lang='lat' dir='ltr'>videtur</span> 
     </span>
     <span class='ocr_line' id='line_1_3' title="bbox 82 318 838 394; baseline 0.004 -17"><span class='ocrx_word' id='word_1_11' title='bbox 82 321 142 379; x_wconf 88' lang='lat' dir='ltr'>Ire</span> <span class='ocrx_word' id='word_1_12' title='bbox 165 319 258 392; x_wconf 88' lang='lat' dir='ltr'>viam,</span> <span class='ocrx_word' id='word_1_13' title='bbox 279 330 310 380; x_wconf 93' lang='lat' dir='ltr'>et</span> <span class='ocrx_word' id='word_1_14' title='bbox 330 318 436 394; x_wconf 87' lang='lat' dir='ltr'>Tyrios</span> <span class='ocrx_word' id='word_1_15' title='bbox 457 320 573 379; x_wconf 89' lang='lat' dir='ltr'>deserta</span> <span class='ocrx_word' id='word_1_16' title='bbox 594 337 734 394; x_wconf 84' lang='lat' dir='ltr'>quaerere</span> <span class='ocrx_word' id='word_1_17' title='bbox 754 329 838 380; x_wconf 85' lang='lat' dir='ltr'>terra</span> 
     </span>
     <span class='ocr_line' id='line_1_4' title="bbox 82 398 977 476; baseline 0.003 -18"><span class='ocrx_word' id='word_1_18' title='bbox 82 399 304 459; x_wconf 89' lang='lat' dir='ltr'>Eumenidum</span> <span class='ocrx_word' id='word_1_19' title='bbox 324 399 414 458; x_wconf 87' lang='lat' dir='ltr'>veluti</span> <span class='ocrx_word' id='word_1_20' title='bbox 435 399 559 459; x_wconf 89' lang='lat' dir='ltr'>demens</span> <span class='ocrx_word' id='word_1_21' title='bbox 580 398 660 458; x_wconf 84' lang='lat' dir='ltr'>videt</span> <span class='ocrx_word' id='word_1_22' title='bbox 680 398 798 476; x_wconf 82' lang='lat' dir='ltr'>agmina</span> <span class='ocrx_word' id='word_1_23' title='bbox 819 400 977 473; x_wconf 83' lang='lat' dir='ltr'>Pentheus,</span> 
     </span>
     <span class='ocr_line' id='line_1_5' title="bbox 82 478 1099 556; baseline 0 -18"><span class='ocrx_word' id='word_1_24' title='bbox 82 481 132 539; x_wconf 90' lang='lat' dir='ltr'>Et</span> <span class='ocrx_word' id='word_1_25' title='bbox 149 481 249 540; x_wconf 91' lang='lat' dir='ltr'>solem</span> <span class='ocrx_word' id='word_1_26' title='bbox 263 478 423 556; x_wconf 88' lang='lat' dir='ltr'>geminum,</span> <span class='ocrx_word' id='word_1_27' title='bbox 438 490 469 540; x_wconf 90' lang='lat' dir='ltr'>et</span> <span class='ocrx_word' id='word_1_28' title='bbox 482 478 617 555; x_wconf 91' lang='lat' dir='ltr'>duplices</span> <span class='ocrx_word' id='word_1_29' title='bbox 631 497 664 539; x_wconf 90' lang='lat' dir='ltr'>se</span> <span class='ocrx_word' id='word_1_30' title='bbox 677 481 835 540; x_wconf 88' lang='lat' dir='ltr'>ostendere</span> <span class='ocrx_word' id='word_1_31' title='bbox 849 481 969 541; x_wconf 88' lang='lat' dir='ltr'>Thebas</span> <span class='ocrx_word' id='word_1_32' title='bbox 973 499 984 555; x_wconf 80' lang='lat'>3</span> <span class='ocrx_word' id='word_1_33' title='bbox 1039 497 1099 554; x_wconf 87' lang='lat'>470</span> 
     </span>
     <span class='ocr_line' id='line_1_6' title="bbox 82 557 858 636; baseline 0.003 -18"><span class='ocrx_word' id='word_1_34' title='bbox 82 562 159 618; x_wconf 89' lang='lat' dir='ltr'>Aut</span> <span class='ocrx_word' id='word_1_35' title='bbox 183 559 436 636; x_wconf 81' lang='lat' dir='ltr'>Agamemnonius</span> <span class='ocrx_word' id='word_1_36' title='bbox 457 558 571 620; x_wconf 88' lang='lat' dir='ltr'>scaenis</span> <span class='ocrx_word' id='word_1_37' title='bbox 591 557 717 635; x_wconf 85' lang='lat' dir='ltr'>agitatus</span> <span class='ocrx_word' id='word_1_38' title='bbox 737 561 858 622; x_wconf 86' lang='lat' dir='ltr'>Orestes</span> 
     </span>
     <span class='ocr_line' id='line_1_7' title="bbox 83 639 881 716; baseline 0.004 -19"><span class='ocrx_word' id='word_1_39' title='bbox 83 642 254 698; x_wconf 87' lang='lat' dir='ltr'>Armatam</span> <span class='ocrx_word' id='word_1_40' title='bbox 276 639 391 700; x_wconf 82' lang='lat' dir='ltr'>facibus</span> <span class='ocrx_word' id='word_1_41' title='bbox 411 650 536 700; x_wconf 90' lang='lat' dir='ltr'>matrem</span> <span class='ocrx_word' id='word_1_42' title='bbox 556 650 586 700; x_wconf 92' lang='lat' dir='ltr'>et</span> <span class='ocrx_word' id='word_1_43' title='bbox 607 639 791 716; x_wconf 87' lang='lat' dir='ltr'>serpentibus</span> <span class='ocrx_word' id='word_1_44' title='bbox 812 640 881 700; x_wconf 89' lang='lat' dir='ltr'>atris</span> 
     </span>
     <span class='ocr_line' id='line_1_8' title="bbox 85 718 938 797; baseline 0.006 -17"><span class='ocrx_word' id='word_1_45' title='bbox 85 721 179 780; x_wconf 91' lang='lat' dir='ltr'>Cum</span> <span class='ocrx_word' id='word_1_46' title='bbox 199 720 281 797; x_wconf 88' lang='lat' dir='ltr'>fugit,</span> <span class='ocrx_word' id='word_1_47' title='bbox 303 719 480 796; x_wconf 82' lang='lat' dir='ltr'>ultricesque</span> <span class='ocrx_word' id='word_1_48' title='bbox 499 720 605 780; x_wconf 88' lang='lat' dir='ltr'>sedent</span> <span class='ocrx_word' id='word_1_49' title='bbox 624 719 656 778; x_wconf 89' lang='lat' dir='ltr'>in</span> <span class='ocrx_word' id='word_1_50' title='bbox 675 718 777 781; x_wconf 89' lang='lat' dir='ltr'>limine</span> <span class='ocrx_word' id='word_1_51' title='bbox 798 721 895 782; x_wconf 83' lang='lat' dir='ltr'>Dirae.</span> <span class='ocrx_word' id='word_1_52' title='bbox 936 782 938 786; x_wconf 87' lang='grc'>,</span> 
     </span>
    </p>

    <p class='ocr_par' dir='ltr' id='par_1_3' title="bbox 87 798 1095 3204">
     <span class='ocr_line' id='line_1_9' title="bbox 135 798 796 877; baseline 0.005 -19"><span class='ocrx_word' id='word_1_53' title='bbox 135 801 222 876; x_wconf 93' lang='lat' dir='ltr'>Ergo</span> <span class='ocrx_word' id='word_1_54' title='bbox 241 798 293 859; x_wconf 92' lang='lat' dir='ltr'>ubi</span> <span class='ocrx_word' id='word_1_55' title='bbox 313 800 450 877; x_wconf 88' lang='lat' dir='ltr'>concepit</span> <span class='ocrx_word' id='word_1_56' title='bbox 468 799 557 859; x_wconf 86' lang='lat' dir='ltr'>furias</span> <span class='ocrx_word' id='word_1_57' title='bbox 578 799 673 860; x_wconf 87' lang='lat' dir='ltr'>evicta</span> <span class='ocrx_word' id='word_1_58' title='bbox 693 801 796 862; x_wconf 89' lang='lat' dir='ltr'>dolore</span> 
     </span>
     <span class='ocr_line' id='line_1_10' title="bbox 87 879 1094 961; baseline 0.003 -21"><span class='ocrx_word' id='word_1_59' title='bbox 87 879 301 957; x_wconf 88' lang='lat' dir='ltr'>Decrevitque</span> <span class='ocrx_word' id='word_1_60' title='bbox 321 879 404 954; x_wconf 91' lang='lat' dir='ltr'>mori,</span> <span class='ocrx_word' id='word_1_61' title='bbox 427 892 544 957; x_wconf 91' lang='lat' dir='ltr'>tempus</span> <span class='ocrx_word' id='word_1_62' title='bbox 564 899 666 940; x_wconf 91' lang='lat' dir='ltr'>secum</span> <span class='ocrx_word' id='word_1_63' title='bbox 686 879 752 956; x_wconf 91' lang='lat' dir='ltr'>ipsa</span> <span class='ocrx_word' id='word_1_64' title='bbox 772 881 955 960; x_wconf 91' lang='lat' dir='ltr'>modumque</span> <span class='ocrx_word' id='word_1_65' title='bbox 1035 895 1094 961; x_wconf 80' lang='lat'>475</span> 
     </span>
     <span class='ocr_line' id='line_1_11' title="bbox 88 959 838 1037; baseline 0.004 -19"><span class='ocrx_word' id='word_1_66' title='bbox 88 959 207 1037; x_wconf 85' lang='lat' dir='ltr'>Exigit,</span> <span class='ocrx_word' id='word_1_67' title='bbox 230 971 259 1020; x_wconf 90' lang='lat' dir='ltr'>et</span> <span class='ocrx_word' id='word_1_68' title='bbox 279 972 422 1020; x_wconf 90' lang='lat' dir='ltr'>maestam</span> <span class='ocrx_word' id='word_1_69' title='bbox 443 959 529 1020; x_wconf 89' lang='lat' dir='ltr'>dictis</span> <span class='ocrx_word' id='word_1_70' title='bbox 550 961 688 1036; x_wconf 87' lang='lat' dir='ltr'>adgressa</span> <span class='ocrx_word' id='word_1_71' title='bbox 708 980 838 1022; x_wconf 87' lang='lat' dir='ltr'>sororem</span> 
     </span>
     <span class='ocr_line' id='line_1_12' title="bbox 89 1039 899 1118; baseline 0.004 -18"><span class='ocrx_word' id='word_1_72' title='bbox 89 1039 266 1100; x_wconf 90' lang='lat' dir='ltr'>Consilium</span> <span class='ocrx_word' id='word_1_73' title='bbox 287 1042 369 1100; x_wconf 92' lang='lat' dir='ltr'>voltu</span> <span class='ocrx_word' id='word_1_74' title='bbox 390 1040 470 1118; x_wconf 87' lang='lat' dir='ltr'>tegit,</span> <span class='ocrx_word' id='word_1_75' title='bbox 492 1060 528 1100; x_wconf 90' lang='lat' dir='ltr'>ac</span> <span class='ocrx_word' id='word_1_76' title='bbox 548 1059 632 1117; x_wconf 88' lang='lat' dir='ltr'>spem</span> <span class='ocrx_word' id='word_1_77' title='bbox 653 1042 749 1102; x_wconf 89' lang='lat' dir='ltr'>fronte</span> <span class='ocrx_word' id='word_1_78' title='bbox 770 1053 899 1106; x_wconf 85' lang='lat' dir='ltr'>serenat:</span> 
     </span>
     <span class='ocr_line' id='line_1_13' title="bbox 91 1120 809 1198; baseline 0.001 -19"><span class='ocrx_word' id='word_1_79' title='bbox 91 1121 230 1193; x_wconf 74' lang='lat' dir='ltr'>‘Inveni</span> <span class='ocrx_word' id='word_1_80' title='bbox 251 1140 399 1198; x_wconf 83' lang='lat' dir='ltr'>germana,</span> <span class='ocrx_word' id='word_1_81' title='bbox 421 1120 655 1198; x_wconf 83' lang='lat' dir='ltr'>viam-gratare</span> <span class='ocrx_word' id='word_1_82' title='bbox 675 1121 809 1181; x_wconf 89' lang='lat' dir='ltr'>sorori-</span> 
     </span>
     <span class='ocr_line' id='line_1_14' title="bbox 92 1200 1005 1276; baseline 0.005 -16"><span class='ocrx_word' id='word_1_83' title='bbox 92 1202 200 1276; x_wconf 89' lang='lat' dir='ltr'>‘Quae</span> <span class='ocrx_word' id='word_1_84' title='bbox 222 1200 293 1260; x_wconf 91' lang='lat' dir='ltr'>mihi</span> <span class='ocrx_word' id='word_1_85' title='bbox 312 1202 418 1261; x_wconf 89' lang='lat' dir='ltr'>reddat</span> <span class='ocrx_word' id='word_1_86' title='bbox 439 1220 518 1269; x_wconf 91' lang='lat' dir='ltr'>eum,</span> <span class='ocrx_word' id='word_1_87' title='bbox 538 1203 585 1260; x_wconf 90' lang='lat' dir='ltr'>vel</span> <span class='ocrx_word' id='word_1_88' title='bbox 606 1220 643 1261; x_wconf 94' lang='lat' dir='ltr'>eo</span> <span class='ocrx_word' id='word_1_89' title='bbox 664 1221 713 1261; x_wconf 89' lang='lat' dir='ltr'>me</span> <span class='ocrx_word' id='word_1_90' title='bbox 733 1203 828 1262; x_wconf 90' lang='lat' dir='ltr'>solvat</span> <span class='ocrx_word' id='word_1_91' title='bbox 848 1213 1005 1265; x_wconf 89' lang='lat' dir='ltr'>amantem.</span> 
     </span>
     <span class='ocr_line' id='line_1_15' title="bbox 93 1281 1095 1358; baseline 0.002 -16"><span class='ocrx_word' id='word_1_92' title='bbox 93 1281 229 1342; x_wconf 90' lang='lat' dir='ltr'>‘Oceani</span> <span class='ocrx_word' id='word_1_93' title='bbox 248 1284 339 1340; x_wconf 88' lang='lat' dir='ltr'>finem</span> <span class='ocrx_word' id='word_1_94' title='bbox 359 1281 440 1341; x_wconf 86' lang='lat' dir='ltr'>iuxta</span> <span class='ocrx_word' id='word_1_95' title='bbox 460 1283 614 1358; x_wconf 91' lang='lat' dir='ltr'>solemque</span> <span class='ocrx_word' id='word_1_96' title='bbox 634 1283 791 1342; x_wconf 87' lang='lat' dir='ltr'>cadentem</span> <span class='ocrx_word' id='word_1_97' title='bbox 1035 1288 1095 1356; x_wconf 87' lang='lat'>480</span> 
     </span>
     <span class='ocr_line' id='line_1_16' title="bbox 93 1361 975 1438; baseline 0.002 -16"><span class='ocrx_word' id='word_1_98' title='bbox 93 1361 245 1422; x_wconf 89' lang='lat' dir='ltr'>‘Ultimus</span> <span class='ocrx_word' id='word_1_99' title='bbox 266 1361 448 1438; x_wconf 89' lang='lat' dir='ltr'>Aethiopum</span> <span class='ocrx_word' id='word_1_100' title='bbox 469 1363 551 1421; x_wconf 90' lang='lat' dir='ltr'>locus</span> <span class='ocrx_word' id='word_1_101' title='bbox 572 1372 626 1433; x_wconf 93' lang='lat' dir='ltr'>est,</span> <span class='ocrx_word' id='word_1_102' title='bbox 648 1361 700 1421; x_wconf 92' lang='lat' dir='ltr'>ubi</span> <span class='ocrx_word' id='word_1_103' title='bbox 721 1361 867 1422; x_wconf 89' lang='lat' dir='ltr'>maximus</span> <span class='ocrx_word' id='word_1_104' title='bbox 889 1365 975 1425; x_wconf 85' lang='lat' dir='ltr'>Atlas</span> 
     </span>
     <span class='ocr_line' id='line_1_17' title="bbox 96 1440 912 1521; baseline 0.002 -21"><span class='ocrx_word' id='word_1_105' title='bbox 96 1445 208 1502; x_wconf 88' lang='lat' dir='ltr'>‘Axem</span> <span class='ocrx_word' id='word_1_106' title='bbox 228 1461 331 1502; x_wconf 89' lang='lat' dir='ltr'>umero</span> <span class='ocrx_word' id='word_1_107' title='bbox 351 1452 469 1518; x_wconf 90' lang='lat' dir='ltr'>torquet</span> <span class='ocrx_word' id='word_1_108' title='bbox 489 1440 580 1502; x_wconf 90' lang='lat' dir='ltr'>stellis</span> <span class='ocrx_word' id='word_1_109' title='bbox 600 1441 771 1502; x_wconf 90' lang='lat' dir='ltr'>ardentibus</span> <span class='ocrx_word' id='word_1_110' title='bbox 791 1454 912 1521; x_wconf 90' lang='lat' dir='ltr'>aptum:</span> 
     </span>
     <span class='ocr_line' id='line_1_18' title="bbox 98 1521 927 1598; baseline 0.004 -17"><span class='ocrx_word' id='word_1_111' title='bbox 98 1521 199 1582; x_wconf 89' lang='lat' dir='ltr'>‘Hinc</span> <span class='ocrx_word' id='word_1_112' title='bbox 219 1522 292 1581; x_wconf 92' lang='lat' dir='ltr'>mihi</span> <span class='ocrx_word' id='word_1_113' title='bbox 314 1524 463 1598; x_wconf 87' lang='lat' dir='ltr'>Massylae</span> <span class='ocrx_word' id='word_1_114' title='bbox 482 1521 578 1598; x_wconf 90' lang='lat' dir='ltr'>gentis</span> <span class='ocrx_word' id='word_1_115' title='bbox 598 1534 761 1582; x_wconf 89' lang='lat' dir='ltr'>monstrata</span> <span class='ocrx_word' id='word_1_116' title='bbox 781 1525 927 1597; x_wconf 87' lang='lat' dir='ltr'>sacerdos,</span> 
     </span>
     <span class='ocr_line' id='line_1_19' title="bbox 97 1601 894 1679; baseline 0.003 -17"><span class='ocrx_word' id='word_1_117' title='bbox 97 1602 315 1679; x_wconf 88' lang='lat' dir='ltr'>‘Hesperidum</span> <span class='ocrx_word' id='word_1_118' title='bbox 335 1601 440 1678; x_wconf 91' lang='lat' dir='ltr'>templi</span> <span class='ocrx_word' id='word_1_119' title='bbox 460 1613 568 1674; x_wconf 89' lang='lat' dir='ltr'>custos,</span> <span class='ocrx_word' id='word_1_120' title='bbox 590 1604 751 1679; x_wconf 89' lang='lat' dir='ltr'>epulasque</span> <span class='ocrx_word' id='word_1_121' title='bbox 772 1604 894 1664; x_wconf 92' lang='lat' dir='ltr'>draconi</span> 
     </span>
     <span class='ocr_line' id='line_1_20' title="bbox 97 1682 1091 1766; baseline 0.001 -22"><span class='ocrx_word' id='word_1_122' title='bbox 97 1683 199 1758; x_wconf 85' lang='lat' dir='ltr'>‘Quae</span> <span class='ocrx_word' id='word_1_123' title='bbox 219 1683 317 1755; x_wconf 89' lang='lat' dir='ltr'>dabat,</span> <span class='ocrx_word' id='word_1_124' title='bbox 339 1694 369 1742; x_wconf 92' lang='lat' dir='ltr'>et</span> <span class='ocrx_word' id='word_1_125' title='bbox 390 1701 488 1742; x_wconf 90' lang='lat' dir='ltr'>sacros</span> <span class='ocrx_word' id='word_1_126' title='bbox 508 1685 643 1743; x_wconf 86' lang='lat' dir='ltr'>servabat</span> <span class='ocrx_word' id='word_1_127' title='bbox 662 1682 693 1742; x_wconf 93' lang='lat' dir='ltr'>in</span> <span class='ocrx_word' id='word_1_128' title='bbox 714 1687 817 1745; x_wconf 87' lang='lat' dir='ltr'>arbore</span> <span class='ocrx_word' id='word_1_129' title='bbox 837 1705 943 1760; x_wconf 88' lang='lat' dir='ltr'>ramos,</span> <span class='ocrx_word' id='word_1_130' title='bbox 1034 1691 1091 1766; x_wconf 82' lang='lat'>485</span> 
     </span>
     <span class='ocr_line' id='line_1_21' title="bbox 97 1761 919 1842; baseline 0.002 -20"><span class='ocrx_word' id='word_1_131' title='bbox 97 1764 256 1841; x_wconf 90' lang='lat' dir='ltr'>‘Spargens</span> <span class='ocrx_word' id='word_1_132' title='bbox 276 1762 379 1822; x_wconf 91' lang='lat' dir='ltr'>umida</span> <span class='ocrx_word' id='word_1_133' title='bbox 400 1764 489 1822; x_wconf 90' lang='lat' dir='ltr'>mella</span> <span class='ocrx_word' id='word_1_134' title='bbox 509 1761 762 1840; x_wconf 85' lang='lat' dir='ltr'>soporiferumque</span> <span class='ocrx_word' id='word_1_135' title='bbox 782 1785 919 1842; x_wconf 89' lang='lat' dir='ltr'>papaver.</span> 
     </span>
     <span class='ocr_line' id='line_1_22' title="bbox 98 1843 891 1919; baseline 0.001 -17"><span class='ocrx_word' id='word_1_136' title='bbox 98 1845 200 1903; x_wconf 88' lang='lat' dir='ltr'>‘Haec</span> <span class='ocrx_word' id='word_1_137' title='bbox 219 1863 252 1904; x_wconf 91' lang='lat' dir='ltr'>se</span> <span class='ocrx_word' id='word_1_138' title='bbox 272 1843 450 1902; x_wconf 90' lang='lat' dir='ltr'>carminibus</span> <span class='ocrx_word' id='word_1_139' title='bbox 470 1843 614 1919; x_wconf 90' lang='lat' dir='ltr'>promittit</span> <span class='ocrx_word' id='word_1_140' title='bbox 635 1845 746 1903; x_wconf 89' lang='lat' dir='ltr'>solvere</span> <span class='ocrx_word' id='word_1_141' title='bbox 767 1857 891 1918; x_wconf 88' lang='lat' dir='ltr'>mentes,</span> 
     </span>
     <span class='ocr_line' id='line_1_23' title="bbox 97 1923 839 1998; baseline 0.001 -15"><span class='ocrx_word' id='word_1_142' title='bbox 97 1924 195 1997; x_wconf 87' lang='lat' dir='ltr'>‘Quas</span> <span class='ocrx_word' id='word_1_143' title='bbox 215 1923 295 1996; x_wconf 89' lang='lat' dir='ltr'>velit,</span> <span class='ocrx_word' id='word_1_144' title='bbox 316 1935 361 1982; x_wconf 91' lang='lat' dir='ltr'>ast</span> <span class='ocrx_word' id='word_1_145' title='bbox 381 1923 446 1982; x_wconf 88' lang='lat' dir='ltr'>aliis</span> <span class='ocrx_word' id='word_1_146' title='bbox 466 1924 553 1983; x_wconf 88' lang='lat' dir='ltr'>duras</span> <span class='ocrx_word' id='word_1_147' title='bbox 573 1923 720 1984; x_wconf 89' lang='lat' dir='ltr'>inmittere</span> <span class='ocrx_word' id='word_1_148' title='bbox 741 1944 839 1998; x_wconf 86' lang='lat' dir='ltr'>curas;</span> 
     </span>
     <span class='ocr_line' id='line_1_24' title="bbox 98 2003 881 2080; baseline 0.003 -17"><span class='ocrx_word' id='word_1_149' title='bbox 98 2003 218 2064; x_wconf 88' lang='lat' dir='ltr'>‘Sistere</span> <span class='ocrx_word' id='word_1_150' title='bbox 238 2023 345 2080; x_wconf 91' lang='lat' dir='ltr'>aquam</span> <span class='ocrx_word' id='word_1_151' title='bbox 366 2003 470 2076; x_wconf 89' lang='lat' dir='ltr'>fluviis,</span> <span class='ocrx_word' id='word_1_152' title='bbox 492 2014 522 2063; x_wconf 86' lang='lat' dir='ltr'>et</span> <span class='ocrx_word' id='word_1_153' title='bbox 541 2014 654 2064; x_wconf 86' lang='lat' dir='ltr'>vertere</span> <span class='ocrx_word' id='word_1_154' title='bbox 675 2004 771 2064; x_wconf 92' lang='lat' dir='ltr'>sidera</span> <span class='ocrx_word' id='word_1_155' title='bbox 790 2016 867 2065; x_wconf 88' lang='lat' dir='ltr'>retro</span> <span class='ocrx_word' id='word_1_156' title='bbox 872 2027 881 2080; x_wconf 89' lang='lat'>;</span> 
     </span>
     <span class='ocr_line' id='line_1_25' title="bbox 97 2083 1092 2164; baseline 0.001 -21"><span class='ocrx_word' id='word_1_157' title='bbox 97 2085 340 2159; x_wconf 87' lang='lat' dir='ltr'>‘Noctumosque</span> <span class='ocrx_word' id='word_1_158' title='bbox 360 2083 419 2144; x_wconf 87' lang='lat' dir='ltr'>ciet</span> <span class='ocrx_word' id='word_1_159' title='bbox 439 2103 541 2143; x_wconf 91' lang='lat' dir='ltr'>manes</span> <span class='ocrx_word' id='word_1_160' title='bbox 547 2105 556 2157; x_wconf 92' lang='lat'>;</span> <span class='ocrx_word' id='word_1_161' title='bbox 579 2085 690 2160; x_wconf 89' lang='lat' dir='ltr'>mugire</span> <span class='ocrx_word' id='word_1_162' title='bbox 710 2083 824 2144; x_wconf 91' lang='lat' dir='ltr'>videbis</span> <span class='ocrx_word' id='word_1_163' title='bbox 1032 2107 1092 2164; x_wconf 87' lang='lat'>490</span> 
     </span>
     <span class='ocr_line' id='line_1_26' title="bbox 97 2164 999 2242; baseline 0.002 -18"><span class='ocrx_word' id='word_1_164' title='bbox 97 2165 172 2224; x_wconf 87' lang='lat' dir='ltr'>‘Sub</span> <span class='ocrx_word' id='word_1_165' title='bbox 193 2165 320 2242; x_wconf 89' lang='lat' dir='ltr'>pedibus</span> <span class='ocrx_word' id='word_1_166' title='bbox 341 2175 456 2237; x_wconf 89' lang='lat' dir='ltr'>terram,</span> <span class='ocrx_word' id='word_1_167' title='bbox 478 2174 508 2224; x_wconf 90' lang='lat' dir='ltr'>et</span> <span class='ocrx_word' id='word_1_168' title='bbox 529 2164 710 2224; x_wconf 90' lang='lat' dir='ltr'>descendere</span> <span class='ocrx_word' id='word_1_169' title='bbox 730 2165 881 2224; x_wconf 91' lang='lat' dir='ltr'>montibus</span> <span class='ocrx_word' id='word_1_170' title='bbox 901 2183 999 2226; x_wconf 89' lang='lat' dir='ltr'>ornos.</span> 
     </span>
     <span class='ocr_line' id='line_1_27' title="bbox 98 2245 879 2321; baseline 0 -17"><span class='ocrx_word' id='word_1_171' title='bbox 98 2247 229 2316; x_wconf 91' lang='lat' dir='ltr'>‘Testor,</span> <span class='ocrx_word' id='word_1_172' title='bbox 251 2265 326 2316; x_wconf 81' lang='lat' dir='ltr'>cara,</span> <span class='ocrx_word' id='word_1_173' title='bbox 349 2245 431 2318; x_wconf 88' lang='lat' dir='ltr'>deos,</span> <span class='ocrx_word' id='word_1_174' title='bbox 454 2254 483 2304; x_wconf 91' lang='lat' dir='ltr'>et</span> <span class='ocrx_word' id='word_1_175' title='bbox 504 2254 543 2314; x_wconf 88' lang='lat' dir='ltr'>te,</span> <span class='ocrx_word' id='word_1_176' title='bbox 565 2263 712 2321; x_wconf 89' lang='lat' dir='ltr'>germana,</span> <span class='ocrx_word' id='word_1_177' title='bbox 734 2254 879 2321; x_wconf 92' lang='lat' dir='ltr'>tuumque</span> 
     </span>
     <span class='ocr_line' id='line_1_28' title="bbox 98 2323 888 2402; baseline 0.001 -18"><span class='ocrx_word' id='word_1_178' title='bbox 98 2327 208 2385; x_wconf 92' lang='lat' dir='ltr'>‘Dulce</span> <span class='ocrx_word' id='word_1_179' title='bbox 228 2336 327 2401; x_wconf 89' lang='lat' dir='ltr'>caput,</span> <span class='ocrx_word' id='word_1_180' title='bbox 349 2324 476 2401; x_wconf 86' lang='lat' dir='ltr'>magicas</span> <span class='ocrx_word' id='word_1_181' title='bbox 498 2323 620 2384; x_wconf 84' lang='lat' dir='ltr'>invitam</span> <span class='ocrx_word' id='word_1_182' title='bbox 641 2324 786 2402; x_wconf 88' lang='lat' dir='ltr'>accingier</span> <span class='ocrx_word' id='word_1_183' title='bbox 805 2336 888 2385; x_wconf 84' lang='lat' dir='ltr'>artes</span> 
     </span>
     <span class='ocr_line' id='line_1_29' title="bbox 99 2403 855 2482; baseline 0.001 -18"><span class='ocrx_word' id='word_1_184' title='bbox 99 2407 159 2464; x_wconf 89' lang='lat' dir='ltr'>‘Tu</span> <span class='ocrx_word' id='word_1_185' title='bbox 179 2418 291 2465; x_wconf 91' lang='lat' dir='ltr'>secreta</span> <span class='ocrx_word' id='word_1_186' title='bbox 311 2424 416 2482; x_wconf 89' lang='lat' dir='ltr'>pyram</span> <span class='ocrx_word' id='word_1_187' title='bbox 437 2415 517 2464; x_wconf 91' lang='lat' dir='ltr'>tecto</span> <span class='ocrx_word' id='word_1_188' title='bbox 538 2403 674 2464; x_wconf 89' lang='lat' dir='ltr'>interiore</span> <span class='ocrx_word' id='word_1_189' title='bbox 695 2405 749 2465; x_wconf 91' lang='lat' dir='ltr'>sub</span> <span class='ocrx_word' id='word_1_190' title='bbox 770 2424 855 2466; x_wconf 89' lang='lat' dir='ltr'>auras</span> 
     </span>
     <span class='ocr_line' id='line_1_30' title="bbox 99 2483 1092 2564; baseline 0.002 -20"><span class='ocrx_word' id='word_1_191' title='bbox 99 2484 207 2562; x_wconf 66' lang='lat' dir='ltr'>‘Erige</span> <span class='ocrx_word' id='word_1_192' title='bbox 230 2497 260 2546; x_wconf 89' lang='lat' dir='ltr'>et</span> <span class='ocrx_word' id='word_1_193' title='bbox 280 2505 362 2545; x_wconf 89' lang='lat' dir='ltr'>arma</span> <span class='ocrx_word' id='word_1_194' title='bbox 381 2483 443 2559; x_wconf 90' lang='lat' dir='ltr'>viri,</span> <span class='ocrx_word' id='word_1_195' title='bbox 465 2486 597 2544; x_wconf 92' lang='lat' dir='ltr'>thalamo</span> <span class='ocrx_word' id='word_1_196' title='bbox 618 2503 695 2561; x_wconf 91' lang='lat' dir='ltr'>quae</span> <span class='ocrx_word' id='word_1_197' title='bbox 715 2487 773 2544; x_wconf 89' lang='lat' dir='ltr'>fixa</span> <span class='ocrx_word' id='word_1_198' title='bbox 793 2485 909 2564; x_wconf 91' lang='lat' dir='ltr'>reliquit</span> <span class='ocrx_word' id='word_1_199' title='bbox 1035 2501 1092 2560; x_wconf 85' lang='lat'>495</span> 
     </span>
     <span class='ocr_line' id='line_1_31' title="bbox 100 2564 916 2643; baseline -0.001 -18"><span class='ocrx_word' id='word_1_200' title='bbox 100 2565 234 2641; x_wconf 71' lang='lat' dir='ltr'>‘Impius</span> <span class='ocrx_word' id='word_1_201' title='bbox 257 2564 435 2640; x_wconf 88' lang='lat' dir='ltr'>exuviasque</span> <span class='ocrx_word' id='word_1_202' title='bbox 456 2584 569 2637; x_wconf 91' lang='lat' dir='ltr'>omnes,</span> <span class='ocrx_word' id='word_1_203' title='bbox 590 2566 760 2642; x_wconf 89' lang='lat' dir='ltr'>lectumque</span> <span class='ocrx_word' id='word_1_204' title='bbox 780 2564 916 2643; x_wconf 88' lang='lat' dir='ltr'>iugalem,</span> 
     </span>
     <span class='ocr_line' id='line_1_32' title="bbox 101 2644 841 2723; baseline 0 -19"><span class='ocrx_word' id='word_1_205' title='bbox 101 2645 180 2719; x_wconf 90' lang='lat' dir='ltr'>‘Quo</span> <span class='ocrx_word' id='word_1_206' title='bbox 199 2644 281 2723; x_wconf 89' lang='lat' dir='ltr'>perii,</span> <span class='ocrx_word' id='word_1_207' title='bbox 304 2645 553 2722; x_wconf 90' lang='lat' dir='ltr'>superinponant:</span> <span class='ocrx_word' id='word_1_208' title='bbox 581 2646 699 2706; x_wconf 87' lang='lat' dir='ltr'>abolere</span> <span class='ocrx_word' id='word_1_209' title='bbox 721 2647 841 2706; x_wconf 86' lang='lat' dir='ltr'>nefandi</span> 
     </span>
     <span class='ocr_line' id='line_1_33' title="bbox 101 2724 1004 2802; baseline 0.002 -17"><span class='ocrx_word' id='word_1_210' title='bbox 101 2727 228 2786; x_wconf 89' lang='lat' dir='ltr'>‘Cuncta</span> <span class='ocrx_word' id='word_1_211' title='bbox 246 2725 300 2785; x_wconf 86' lang='lat' dir='ltr'>viri</span> <span class='ocrx_word' id='word_1_212' title='bbox 319 2725 503 2786; x_wconf 88' lang='lat' dir='ltr'>monimenta</span> <span class='ocrx_word' id='word_1_213' title='bbox 523 2724 605 2784; x_wconf 91' lang='lat' dir='ltr'>iubet</span> <span class='ocrx_word' id='word_1_214' title='bbox 625 2736 827 2802; x_wconf 89' lang='lat' dir='ltr'>monstratque</span> <span class='ocrx_word' id='word_1_215' title='bbox 848 2726 1004 2787; x_wconf 70' lang='lat' dir='ltr'>sacerdos!</span> 
     </span>
     <span class='ocr_line' id='line_1_34' title="bbox 102 2803 847 2882; baseline 0 -17"><span class='ocrx_word' id='word_1_216' title='bbox 102 2807 185 2866; x_wconf 90' lang='lat' dir='ltr'>Haec</span> <span class='ocrx_word' id='word_1_217' title='bbox 204 2807 292 2866; x_wconf 84' lang='lat' dir='ltr'>effata</span> <span class='ocrx_word' id='word_1_218' title='bbox 312 2805 377 2866; x_wconf 92' lang='lat' dir='ltr'>silet</span> <span class='ocrx_word' id='word_1_219' title='bbox 383 2825 391 2879; x_wconf 82' lang='lat'><em>3</em></span> <span class='ocrx_word' id='word_1_220' title='bbox 418 2807 513 2882; x_wconf 88' lang='lat' dir='ltr'>pallor</span> <span class='ocrx_word' id='word_1_221' title='bbox 533 2803 620 2864; x_wconf 92' lang='lat' dir='ltr'>simul</span> <span class='ocrx_word' id='word_1_222' title='bbox 641 2815 768 2881; x_wconf 87' lang='lat' dir='ltr'>occupat</span> <span class='ocrx_word' id='word_1_223' title='bbox 789 2824 847 2865; x_wconf 84' lang='lat' dir='ltr'>ora</span> 
     </span>
     <span class='ocr_line' id='line_1_35' title="bbox 102 2883 1090 2964; baseline 0.001 -20"><span class='ocrx_word' id='word_1_224' title='bbox 102 2886 168 2945; x_wconf 90' lang='lat' dir='ltr'>Non</span> <span class='ocrx_word' id='word_1_225' title='bbox 187 2895 288 2946; x_wconf 87' lang='lat' dir='ltr'>tamen</span> <span class='ocrx_word' id='word_1_226' title='bbox 307 2889 398 2946; x_wconf 90' lang='lat' dir='ltr'>Anna</span> <span class='ocrx_word' id='word_1_227' title='bbox 417 2884 501 2947; x_wconf 91' lang='lat' dir='ltr'>novis</span> <span class='ocrx_word' id='word_1_228' title='bbox 522 2895 692 2961; x_wconf 83' lang='lat' dir='ltr'>praetexere</span> <span class='ocrx_word' id='word_1_229' title='bbox 712 2887 814 2944; x_wconf 90' lang='lat' dir='ltr'>funera</span> <span class='ocrx_word' id='word_1_230' title='bbox 834 2883 922 2946; x_wconf 86' lang='lat' dir='ltr'>sacris</span> <span class='ocrx_word' id='word_1_231' title='bbox 1032 2904 1090 2964; x_wconf 86' lang='lat'>50⁰</span> 
     </span>
     <span class='ocr_line' id='line_1_36' title="bbox 102 2964 842 3040; baseline -0.001 -14"><span class='ocrx_word' id='word_1_232' title='bbox 102 2967 274 3026; x_wconf 79' lang='lat' dir='ltr'>Germanum</span> <span class='ocrx_word' id='word_1_233' title='bbox 294 2964 396 3040; x_wconf 89' lang='lat' dir='ltr'>credit,</span> <span class='ocrx_word' id='word_1_234' title='bbox 418 2985 473 3026; x_wconf 87' lang='lat' dir='ltr'>nec</span> <span class='ocrx_word' id='word_1_235' title='bbox 493 2975 591 3026; x_wconf 90' lang='lat' dir='ltr'>tantos</span> <span class='ocrx_word' id='word_1_236' title='bbox 612 2976 712 3025; x_wconf 90' lang='lat' dir='ltr'>mente</span> <span class='ocrx_word' id='word_1_237' title='bbox 731 2966 842 3025; x_wconf 90' lang='lat' dir='ltr'>furores</span> 
     </span>
     <span class='ocr_line' id='line_1_37' title="bbox 101 3045 958 3125; baseline -0.002 -18"><span class='ocrx_word' id='word_1_238' title='bbox 101 3045 242 3123; x_wconf 90' lang='lat' dir='ltr'>Concipit,</span> <span class='ocrx_word' id='word_1_239' title='bbox 264 3059 315 3106; x_wconf 89' lang='lat' dir='ltr'>aut</span> <span class='ocrx_word' id='word_1_240' title='bbox 334 3045 468 3123; x_wconf 85' lang='lat' dir='ltr'>graviora</span> <span class='ocrx_word' id='word_1_241' title='bbox 487 3045 580 3120; x_wconf 88' lang='lat' dir='ltr'>timet,</span> <span class='ocrx_word' id='word_1_242' title='bbox 603 3065 694 3123; x_wconf 90' lang='lat' dir='ltr'>quam</span> <span class='ocrx_word' id='word_1_243' title='bbox 714 3057 808 3106; x_wconf 89' lang='lat' dir='ltr'>morte</span> <span class='ocrx_word' id='word_1_244' title='bbox 828 3045 958 3125; x_wconf 88' lang='lat' dir='ltr'>Sychaei.</span> 
     </span>
     <span class='ocr_line' id='line_1_38' title="bbox 103 3126 383 3204; baseline 0 -18"><span class='ocrx_word' id='word_1_245' title='bbox 103 3127 175 3203; x_wconf 78' lang='lat' dir='ltr'>E1go</span> <span class='ocrx_word' id='word_1_246' title='bbox 194 3126 273 3186; x_wconf 92' lang='lat' dir='ltr'>iussa</span> <span class='ocrx_word' id='word_1_247' title='bbox 292 3137 383 3204; x_wconf 93' lang='lat' dir='ltr'>parat.</span> 
     </span>
    </p>

    <p class='ocr_par' dir='ltr' id='par_1_4' title="bbox 104 3204 1086 3443">
     <span class='ocr_line' id='line_1_39' title="bbox 139 3204 879 3284; baseline 0.003 -18"><span class='ocrx_word' id='word_1_248' title='bbox 139 3210 176 3267; x_wconf 85' lang='lat' dir='ltr'>At</span> <span class='ocrx_word' id='word_1_249' title='bbox 194 3207 303 3283; x_wconf 87' lang='lat' dir='ltr'>regina,</span> <span class='ocrx_word' id='word_1_250' title='bbox 324 3226 395 3284; x_wconf 89' lang='lat' dir='ltr'>pyra</span> <span class='ocrx_word' id='word_1_251' title='bbox 415 3204 557 3283; x_wconf 84' lang='lat' dir='ltr'>penetrali</span> <span class='ocrx_word' id='word_1_252' title='bbox 576 3205 607 3265; x_wconf 90' lang='lat' dir='ltr'>in</span> <span class='ocrx_word' id='word_1_253' title='bbox 628 3207 699 3267; x_wconf 90' lang='lat' dir='ltr'>sede</span> <span class='ocrx_word' id='word_1_254' title='bbox 720 3209 775 3268; x_wconf 93' lang='lat' dir='ltr'>sub</span> <span class='ocrx_word' id='word_1_255' title='bbox 795 3225 879 3268; x_wconf 88' lang='lat' dir='ltr'>auras</span> 
     </span>
     <span class='ocr_line' id='line_1_40' title="bbox 104 3285 1086 3364; baseline -0.001 -18"><span class='ocrx_word' id='word_1_256' title='bbox 104 3285 209 3360; x_wconf 84' lang='lat' dir='ltr'>Erecta,</span> <span class='ocrx_word' id='word_1_257' title='bbox 231 3286 345 3363; x_wconf 83' lang='lat' dir='ltr'>ingenti</span> <span class='ocrx_word' id='word_1_258' title='bbox 364 3285 460 3346; x_wconf 89' lang='lat' dir='ltr'>taedis</span> <span class='ocrx_word' id='word_1_259' title='bbox 480 3296 569 3363; x_wconf 89' lang='lat' dir='ltr'>atque</span> <span class='ocrx_word' id='word_1_260' title='bbox 589 3285 657 3346; x_wconf 91' lang='lat' dir='ltr'>ilice</span> <span class='ocrx_word' id='word_1_261' title='bbox 677 3297 765 3358; x_wconf 91' lang='lat' dir='ltr'>secta,</span> <span class='ocrx_word' id='word_1_262' title='bbox 1030 3302 1086 3364; x_wconf 85' lang='lat'>505</span> 
     </span>
     <span class='ocr_line' id='line_1_41' title="bbox 106 3364 840 3443; baseline 0.001 -17"><span class='ocrx_word' id='word_1_263' title='bbox 106 3364 290 3443; x_wconf 90' lang='lat' dir='ltr'>Intenditque</span> <span class='ocrx_word' id='word_1_264' title='bbox 308 3368 409 3427; x_wconf 92' lang='lat' dir='ltr'>locum</span> <span class='ocrx_word' id='word_1_265' title='bbox 429 3365 521 3441; x_wconf 89' lang='lat' dir='ltr'>sertis,</span> <span class='ocrx_word' id='word_1_266' title='bbox 543 3376 573 3426; x_wconf 93' lang='lat' dir='ltr'>et</span> <span class='ocrx_word' id='word_1_267' title='bbox 593 3367 698 3427; x_wconf 85' lang='lat' dir='ltr'>fronde</span> <span class='ocrx_word' id='word_1_268' title='bbox 717 3378 840 3427; x_wconf 90' lang='lat' dir='ltr'>coronat</span> 
     </span>
    </p>
   </div>
   <div class='ocr_carea' id='block_1_3' title="bbox 0 0 1257 3686">
    <p class='ocr_par' dir='ltr' id='par_1_5' title="bbox 0 0 1257 3686">
     <span class='ocr_line' id='line_1_42' title="bbox 0 0 1257 3686; baseline 0 0"><span class='ocrx_word' id='word_1_269' title='bbox 0 0 1257 3686; x_wconf 95' lang='lat' dir='ltr'> </span> 
     </span>
    </p>
   </div>
  </div>
 </body>
</html>
