2460 3686
136 85 193 144 206
383 87 421 145 P.
455 87 645 147 VERGILI
665 84 877 144 MARONIS

135 213 344 292 Diripiuntque
364 217 456 291 dapes
478 225 676 291 contactuque
697 213 796 274 omnia
815 215 937 274 foedant

136 296 307 368 Immundo,
328 306 390 355 tum
412 317 470 357 vox
490 305 615 356 taetrum
636 297 698 354 dira
719 294 794 354 inter
814 296 943 355 odorem.

135 378 265 435 Rursum
287 377 317 435 in
335 395 456 454 ¹secessu
476 379 566 454 longo
587 375 641 436 sub
662 394 734 452 rupe
754 385 856 434 cavata

134 456 296 516 Arboribus
316 459 447 516 clausam
468 457 577 516 circum
598 468 686 532 atque
705 456 889 515 horrentibus
909 455 1023 516 umbris
1076 475 1135 532 230

134 536 311 597 Instruimus
331 557 447 598 mensas
468 537 583 613 arisque
603 536 771 613 reponimus
792 536 907 612 ignem:

135 619 264 676 Rursum
285 637 321 677 ex
342 618 457 678 diverso
478 618 552 677 caeli
572 617 726 693 caecisque
746 616 863 676 latebris

134 698 234 756 Turba
254 718 363 759 sonans
384 700 523 774 praedam
544 698 670 773 pedibus
690 697 879 756 circumvolat
901 695 993 771 uncis,

136 779 244 837 Polluit
265 799 316 838 ore
337 781 437 854 dapes.
480 778 572 839 Sociis
593 789 664 836 tunc
684 797 765 836 arma
784 788 937 852 capessant

135 860 239 931 Edico,
262 870 292 920 et
312 860 375 918 dira
396 861 504 919 bellum
526 878 594 917 cum
615 868 702 936 gente
722 859 891 933 gerendum.
1073 876 1130 934 235

135 941 227 996 Haud
250 959 334 998 secus
355 958 391 998 ac
411 939 481 997 iussi
501 938 619 1010 faciunt,
642 949 793 1014 tectosque
815 956 867 1013 per
887 937 1009 998 herbam

134 1019 307 1094 Disponunt
328 1039 413 1080 enses
435 1031 465 1079 et
484 1030 568 1078 scuta
589 1019 709 1079 latentia
729 1019 869 1077 condunt.

134 1101 210 1175 Ergo
231 1098 282 1159 ubi
302 1101 442 1176 delapsae
462 1099 591 1159 sonitum
612 1119 664 1176 per
684 1119 771 1158 curva
791 1097 899 1157 dedere

133 1179 239 1251 Litora,
262 1181 314 1239 dat
335 1179 450 1256 signum
471 1182 590 1256 specula
612 1180 745 1238 Misenus
767 1178 804 1238 ab
825 1179 884 1237 alta

132 1262 209 1318 Aere
228 1279 310 1319 cavo.
355 1261 504 1320 Invadunt
525 1260 598 1320 socii
618 1271 648 1320 et
669 1279 746 1319 nova
766 1258 877 1335 proelia
897 1269 1021 1332 tentant,
1071 1279 1130 1331 240
1206 1261 1207 1334 f

133 1340 286 1399 Obscenas
308 1341 404 1416 pelagi
425 1343 500 1400 ferro
521 1342 639 1401 foedare
660 1342 801 1399 volucres,
1206 1339 1207 1348 ’

132 1421 190 1479 Sed
210 1439 307 1496 neque
327 1421 387 1480 vim
409 1422 517 1496 plumis
538 1423 627 1480 ullam
648 1440 704 1480 nec
724 1422 843 1480 volnera
863 1429 944 1496 tergo
1004 1435 1018 1441 '·

131 1500 298 1576 Accipiunt,
321 1501 467 1577 celerique
487 1503 557 1577 suga
577 1503 631 1561 sub
652 1500 746 1562 sidem
765 1502 866 1575 lapsae

131 1583 279 1641 Semesam
303 1582 440 1658 praedam
461 1592 491 1641 et
511 1581 632 1658 vestigia
651 1583 740 1641 foeda
760 1580 934 1656 relinquont.

132 1663 202 1722 Una
222 1661 253 1720 in
274 1665 424 1738 praecelsa
444 1662 579 1721 consedit
598 1681 671 1738 rupe
693 1664 832 1733 Celaeno,
1066 1678 1124 1736 245

131 1741 239 1801 Infelix
258 1753 349 1816 vates,
372 1743 540 1818 rumpitque
560 1744 637 1801 hanc
657 1753 778 1818 pectore
801 1759 923 1801 vocem:
1030 1799 1033 1802 ,,

132 1824 263 1880 ‘Bellum
285 1823 374 1882 etiam
394 1842 449 1898 pro
470 1824 561 1882 caede
582 1824 674 1882 boum
694 1822 847 1898 stratisque
867 1820 1005 1894 iuvencis,

132 1902 429 1976 ‘Laomedontiadae
451 1904 600 1963 bellumne
621 1904 725 1963 inferre
745 1902 852 1980 paratis

132 1985 188 2040 ‘Et
208 1983 303 2058 patrio
325 1983 474 2060 Harpyias
495 1983 626 2043 insontes
647 1985 755 2060 pellere
775 1985 883 2059 regno?

131 2062 283 2139 ‘Accipite
304 2082 373 2139 ergo
394 2062 499 2122 animis
519 2075 608 2139 atque
628 2065 702 2123 haec
723 2083 790 2122 mea
810 2065 889 2139 figite
910 2061 998 2136 dicta,
1063 2081 1123 2139 250

130 2143 233 2216 ‘Quae
252 2145 377 2204 Phoebo
398 2147 486 2203 Pater
506 2144 705 2220 omnipotens,
721 2144 793 2203 mihi
813 2145 951 2202 Phoebus
971 2145 1083 2220 Apollo

130 2224 301 2294 ‘Praedixit
316 2225 401 2284 vobis
423 2225 574 2283 Furiarum
595 2245 651 2300 ego
672 2224 799 2283 maxima
820 2225 927 2299 pando

130 2303 263 2361 ‘Italiam
284 2323 368 2362 cursu
389 2305 495 2381 petitis,
518 2305 670 2381 ventisque
690 2304 801 2364 vocatis

129 2383 233 2442 ‘Ibitis
254 2383 371 2443 Italiam
391 2396 551 2461 portusque
572 2385 678 2444 intrare
698 2385 816 2458 licebit;

128 2464 203 2522 ‘Sed
224 2482 283 2522 non
305 2475 375 2524 ante
395 2467 495 2524 datam
515 2465 637 2541 cingetis
658 2465 813 2524 moenibus
833 2465 943 2538 urbem,
1064 2481 1119 2542 255

128 2544 246 2616 ‘Quam
267 2563 320 2602 vos
341 2544 404 2604 dira
424 2547 516 2605 sames
537 2557 713 2622 nostraeque
734 2545 838 2604 iniuria
861 2545 960 2605 caedis

127 2625 288 2682 ‘Ambcsas
308 2624 424 2700 subigat
445 2626 529 2684 malis
549 2630 702 2686 absumere
722 2628 858 2688 mensas.'

125 2703 216 2774 Dixit,
239 2715 269 2764 et
290 2704 320 2762 in
341 2705 443 2763 silvam
464 2706 562 2781 pinnis
582 2708 682 2765 ablata
701 2708 811 2782 refugit.

125 2786 165 2842 At
186 2784 273 2844 sociis
294 2784 391 2843 subita
411 2787 525 2861 gelidus
546 2785 702 2846 formidine
723 2786 841 2862 sanguis

126 2863 271 2939 Deriguit:
300 2866 433 2924 cecidere
454 2865 552 2938 animi,
575 2886 631 2925 nec
650 2865 709 2925 iam
731 2869 856 2942 amplius
877 2864 965 2926 armis
1063 2869 1119 2925 260

125 2945 184 3002 Sed
204 2943 279 3002 votis
299 2945 494 3020 precibusque
515 2947 617 3005 iubent
637 2965 796 3022 exposcere
816 2965 929 3023 pacem,

124 3024 191 3081 Sive
213 3024 287 3081 deae
308 3043 360 3080 seu
381 3025 440 3082 sint
460 3026 541 3084 dirae
562 3028 769 3101 obscenaeque
788 3028 928 3086 volucres.

124 3101 162 3156 Et
183 3110 268 3173 pater
288 3100 433 3159 Anchises
453 3104 546 3175 passis
568 3105 606 3162 de
626 3105 711 3162 litore
732 3105 837 3180 palmis

123 3177 255 3234 Numina
275 3196 381 3250 magna
401 3191 488 3235 vocat
508 3181 686 3256 meritosque
706 3183 810 3241 indicit
830 3185 975 3246 honores:

125 3255 181 3309 ‘Di
202 3254 357 3327 prohibete
377 3254 471 3312 minas
482 3278 490 3326 ;
517 3258 548 3314 di
569 3260 657 3316 talem
678 3262 799 3321 avertite
820 3282 921 3322 casum
1059 3267 1112 3340 265

125 3332 179 3386 ‘Et
199 3331 310 3404 placidi
330 3342 442 3390 servate
462 3333 547 3408 pios’
587 3339 666 3393 Tum
686 3339 770 3397 litore
791 3342 892 3399 funem
