2494 3702
152 89 209 150 ¹30
414 71 450 134 P.
474 73 664 146 VERGILI
679 77 893 138 MARONIS

154 223 192 282 In
212 225 324 283 foribus
344 241 474 299 pugnam
495 242 532 282 ex
552 242 624 282 auro
645 221 799 300 solidoque
820 226 980 301 elephanto

153 303 354 380 Gangaridum
375 303 480 362 faciam
501 301 677 378 victorisque
697 323 779 362 arma
800 304 925 378 Quirini,

153 386 254 460 Atque
273 385 322 442 hic
342 384 507 442 undantem
528 383 607 442 bello
629 401 826 460 magnumque
847 383 989 444 fluentem

154 463 265 538 Nilum,
287 483 323 522 ac
343 462 439 521 navali
459 473 610 538 surgentes
630 481 697 522 aere
717 464 879 522 columnas.

152 545 271 604 Addam
291 545 378 602 urbes
397 541 487 602 Asiae
508 542 635 602 domitas
656 544 834 618 pulsumque
856 543 1008 620 Niphaten
1115 568 1154 624 30

153 623 370 699 Fidentemque
391 623 461 698 suga
481 624 622 681 Parthum
642 623 793 698 versisque
813 623 934 699 sagittis,

152 702 193 764 Et
212 706 273 764 duo
293 715 377 779 rapta
397 721 487 760 manu
508 701 624 761 diverso
645 722 682 761 ex
701 703 787 763 hoste
808 714 928 780 tropaea

154 785 263 860 Bisque
283 783 476 858 triumphatas
497 791 621 858 utroque
642 784 681 841 ab
701 781 785 842 litore
805 794 916 859 gentes

152 867 279 925 Stabunt
298 875 328 923 et
349 861 425 921 Parii
444 861 567 937 lapides,
589 860 730 938 spirantia
750 861 841 940 signa,

152 943 290 1004 Assaraci
309 944 407 1019 proles
428 942 633 1018 demissaeque
653 944 691 1001 ab
713 944 787 1002 Iove
806 943 901 1019 gentis
1112 967 1149 1025 35

153 1023 294 1096 Nomina,
315 1024 450 1099 Trosque
470 1040 576 1098 parens
598 1034 627 1081 et
647 1022 755 1081 Troiae
776 1022 921 1098 Cynthius
941 1037 1054 1085 auctor.

154 1104 271 1164 Invidia
291 1102 390 1162 infelix
412 1102 513 1160 Furias
534 1121 711 1178 amnemque
733 1121 866 1162 severum

153 1183 259 1261 Cocyti
279 1193 390 1242 metuet
411 1193 563 1257 tortosque
584 1181 696 1242 Ixionis
717 1201 827 1258 angues

153 1268 379 1339 Immanemque
399 1273 494 1321 rotam
516 1274 545 1321 et
566 1280 627 1320 non
647 1261 848 1339 exsuperabile
870 1283 981 1323 saxum.

153 1347 272 1404 Interea
292 1343 445 1419 Dryadum
466 1340 553 1400 silvas
574 1343 723 1418 saltusque
744 1362 902 1418 sequamur

152 1429 295 1495 IntactoS,
317 1434 376 1495 tua,
399 1424 567 1493 Maecenas,
589 1423 669 1481 haud
690 1422 791 1482 mollia
811 1422 897 1483 iussa.

152 1508 198 1564 Te
219 1505 282 1565 sine
303 1503 345 1562 nil
365 1505 456 1561 altum
477 1521 561 1561 mens
581 1500 719 1576 incohat;
747 1521 785 1561 en
805 1521 859 1579 age
881 1523 986 1580 segnes

152 1589 273 1660 Rumpe
293 1603 391 1642 moras
401 1605 408 1655 ;
437 1591 524 1641 vocat
544 1580 657 1658 ingenti
675 1584 804 1642 clamore
825 1583 985 1644 Cithaeron

152 1665 334 1743 Taygetique
354 1683 443 1722 canes
465 1662 661 1737 domitrixque
683 1663 850 1738 Epidaurus
871 1683 1014 1740 equorum

153 1748 193 1806 Et
212 1766 271 1805 vox
291 1745 418 1804 adsensu
439 1762 592 1802 nemorum
614 1741 793 1819 ingeminata
812 1744 944 1821 remugit
1110 1767 1148 1826 45

152 1828 227 1885 Mox
248 1837 347 1884 tamen
368 1824 504 1882 ardentes
524 1824 660 1898 accingar
679 1822 777 1882 dicere
797 1842 911 1899 pugnas

152 1905 294 1978 Caesaris,
316 1915 346 1964 et
366 1921 477 1962 nomen
498 1904 576 1960 fama
596 1913 641 1960 tot
660 1903 735 1962 serre
755 1923 809 1979 per
828 1923 932 1976 annos,

182 1986 187 1997 '
244 1986 274 2044 ni
295 1983 388 2062 prima
408 1993 483 2058 quot
502 1985 586 2042 abest
607 1984 646 2040 ab
666 1981 778 2058 origine
799 1985 915 2044 Caesar.

192 2068 250 2127 Seu
270 2065 337 2142 quis
359 2063 551 2140 Olympiacae
571 2062 692 2121 miratus
713 2063 843 2138 praemia
864 2066 981 2140 palmae

152 2147 249 2207 Pascit
270 2165 370 2220 equos,
392 2163 445 2203 seu
466 2143 530 2218 quis
551 2143 640 2202 fortes
661 2143 700 2201 ad
720 2155 815 2202 aratra
834 2143 985 2218 iuvencos
1110 2167 1148 2224 50

151 2230 287 2302 Corpora
306 2224 463 2300 praecipue
484 2233 609 2281 matrum
630 2225 715 2299 legat.
760 2226 891 2299 Optuma
911 2235 1012 2286 torvae

151 2309 259 2367 Forma
279 2305 372 2376 bovis,
393 2303 442 2362 cui
463 2315 547 2379 turpe
567 2313 665 2378 caput,
687 2303 736 2361 cui
757 2303 884 2379 plurima
904 2306 1009 2378 cervix,

151 2389 190 2446 Et
211 2405 327 2445 crurum
347 2395 433 2442 tenus
454 2403 472 2441 a
493 2393 593 2442 mento
614 2383 740 2458 palearia
760 2384 911 2460 pendent;

150 2470 230 2526 Tum
251 2466 341 2541 longo
362 2465 458 2521 nullus
478 2461 561 2521 lateri
582 2464 707 2536 modus,
735 2463 836 2521 omnia
857 2484 971 2541 magna,

151 2550 208 2606 Pes
230 2543 340 2617 etiam,
366 2553 394 2601 et
415 2542 541 2600 camuris
561 2542 654 2601 hirtae
675 2545 730 2601 suh
751 2544 888 2603 cornibus
908 2564 1000 2604 aures.
1106 2567 1143 2626 55

151 2629 219 2686 Nec
238 2623 311 2683 mihi
331 2622 485 2698 displiceat
504 2623 626 2682 maculis
646 2621 767 2699 insignis
789 2635 817 2683 et
838 2625 916 2697 alb0,

151 2710 213 2766 Aut
233 2705 299 2780 iuga
320 2705 486 2763 detractans
506 2702 714 2778 interdumque
734 2722 838 2778 aspera
859 2722 951 2764 comu

152 2790 191 2846 Et
212 2785 315 2844 faciem
336 2795 420 2854 tauro
441 2781 568 2858 propior,
590 2802 726 2858 quaeque
746 2785 838 2842 ardua
858 2794 929 2855 tota,

152 2869 192 2926 Et
211 2864 346 2943 gradiens
367 2863 426 2921 ima
448 2863 534 2922 verrit
553 2862 675 2938 vestigia
695 2863 797 2922 cauda

151 2950 243 3006 Aetas
264 2944 407 3004 Lucinam
428 2942 578 3017 iustosque
598 2941 660 3018 pati
680 2943 860 3018 hymenaeos

152 3025 270 3085 Desinit
290 3034 358 3082 ante
379 3022 493 3093 decem,
514 3031 584 3095 post
604 3032 743 3097 quattuor
761 3020 866 3097 incipit
886 3040 997 3098 annos,

152 3108 259 3164 Cetera
278 3122 335 3160 nec
354 3102 465 3158 feturae
485 3099 589 3158 habilis
610 3118 666 3158 nec
686 3099 768 3159 fortis
788 3099 896 3159 aratris.

134 3177 137 3181 ’
153 3184 278 3250 Interea,
300 3188 416 3254 superat
435 3177 570 3250 gregibus
591 3177 662 3235 dum
682 3180 759 3236 laeta
778 3178 919 3253 iuventas,

152 3262 239 3318 Solve
260 3275 372 3326 mares;
399 3253 483 3312 mitte
502 3253 533 3311 in
553 3255 700 3313 Venerem
720 3256 860 3332 pecuaria
878 3259 999 3334 primuS,

153 3342 253 3414 Atque
272 3337 360 3394 aliam
381 3352 417 3392 ex
438 3331 494 3390 alia
513 3334 683 3408 generando
703 3336 802 3393 suffice
822 3338 944 3410 prolem.
1105 3349 1143 3425 65
