2442 3686
377 99 618 159 Aruernos
642 99 728 157 rra.
755 98 831 156 ΧΗ.
1035 116 1090 170 411

134 229 205 287 Nec
225 225 322 285 minus
341 230 468 298 Aeneas,
490 244 670 302 quamquam
691 227 807 286 tardata
827 225 933 303 sagitta

79 308 254 367 Interdum
274 326 371 382 genua
391 305 557 383 impediunt
577 325 753 382 cursumque
773 316 919 378 recusant,

80 386 278 464 Insequitur,
299 385 463 462 trepidique
484 387 593 462 pedem
614 387 691 462 pede
711 386 839 446 fervidus
860 397 980 462 urguet:

81 469 254 526 Inclusum
274 465 365 526 veluti
386 465 410 524 si
430 467 552 541 quando
573 465 695 525 flumine
715 477 819 526 nactus

82 550 238 619 Cervum,
261 556 312 606 aut
332 545 476 622 puniceae
497 556 633 622 saeptum
654 545 812 606 formidine
831 565 958 623 pennae,
1035 563 1093 624 750

81 629 233 686 Venator
253 645 339 684 cursu
359 625 441 684 canis
461 636 492 685 et
512 626 664 686 latratibus
684 626 773 684 instat
778 647 787 698 ;

86 708 157 766 Ille
177 717 284 779 autem,
306 704 418 764 insidiis
438 715 469 764 et
488 705 552 781 ripa
573 705 688 764 territus
708 707 776 776 alta,

86 786 186 846 Mille
206 784 280 861 fugit
300 785 463 862 refugitque
482 785 558 846 vias:
579 797 610 844 at
630 784 744 845 vividus
766 786 882 846 Umber

89 869 215 926 Haeret
234 865 327 935 hians,
350 865 409 924 iam
428 863 547 942 iamque
567 876 656 938 tenet,
679 865 840 942 similisque
861 865 973 926 tenenti

90 945 253 1022 Increpuit
273 943 365 1017 malis,
388 964 547 1022 morsuque
568 948 666 1005 elusus
686 945 766 1004 inani
788 956 841 1004 est
1034 961 1091 1022 755

49 1049 52 1054 ·
90 1029 180 1086 Tum
200 1044 269 1084 vero
291 1024 417 1084 exoritur
437 1026 557 1096 clamor,
579 1025 717 1101 ripaeque
738 1026 878 1101 lacusque

94 1110 294 1182 Responsant
313 1104 397 1177 eirca,
420 1114 451 1163 et
470 1106 585 1163 caelum
607 1114 692 1164 tonat
711 1124 800 1164 omne
821 1106 957 1165 tumultu

95 1189 157 1246 Ille
178 1185 264 1245 simul
285 1185 398 1261 fugiens
420 1186 547 1243 Rutulos
569 1183 656 1244 simul
676 1184 808 1262 increpat
829 1205 941 1256 omnes,

96 1265 233 1326 Nomine
253 1284 402 1342 quemque
421 1283 540 1338 vocans,
563 1276 726 1341 notumque
746 1263 887 1340 efflagitat
907 1285 1017 1325 ensem.

96 1349 219 1406 Aeneas
239 1356 365 1404 mortem
386 1355 488 1403 contra
508 1363 706 1420 praesensque
726 1345 855 1404 minatur
1035 1348 1094 1419 760

98 1425 242 1497 Exitium,
264 1425 288 1496 si
309 1423 464 1501 quisquam
486 1425 581 1496 adeat,
604 1435 750 1501 terretque
771 1435 938 1498 trementes,

99 1505 277 1565 Excisurum
297 1506 401 1564 urbem
422 1502 570 1576 minitans,
592 1515 623 1563 et
642 1505 759 1564 saucius
778 1504 877 1565 instat.

100 1585 241 1662 Quinque
262 1585 348 1644 orbes
370 1586 489 1660 explent
510 1604 604 1657 cursu,
626 1583 810 1662 totidemque
830 1595 966 1645 retexunt

100 1669 174 1725 Huc
194 1665 275 1737 illuc;
296 1684 393 1739 neque
414 1663 493 1723 enim
513 1665 588 1724 levia
608 1677 659 1726 aut
678 1664 789 1726 ludicra
809 1675 948 1742 petuntur

100 1745 244 1818 Praemia,
266 1745 318 1804 sed
339 1743 433 1802 Turni
453 1745 490 1804 de
511 1744 571 1803 vita
591 1755 621 1803 et
641 1745 782 1821 sanguine
803 1756 924 1804 certant
1035 1746 1092 1820 765

100 1827 190 1885 Forte
211 1845 293 1884 sacer
312 1826 416 1883 Fauno
436 1823 512 1883 soliis
533 1826 658 1883 oleaster
677 1823 782 1883 amaris

101 1905 166 1964 Hic
185 1915 312 1977 steterat,
333 1903 430 1962 nautis
451 1903 521 1963 olim
541 1902 708 1964 venerabile
727 1904 849 1978 lignum,

100 1984 213 2045 Servati
233 2004 271 2043 ex
290 1983 378 2043 undis
398 1983 450 2042 ubi
470 1985 558 2060 figere
579 1984 660 2042 dona
680 1983 815 2042 solebant

100 2064 242 2126 Laurenti
263 2063 332 2123 divo
353 2074 382 2124 et
402 2074 486 2122 votas
506 2063 685 2138 suspendere
705 2072 815 2122 vestes:

100 2147 161 2205 Sed
181 2146 301 2221 stirpem
322 2142 431 2203 Teucri
450 2145 532 2202 nullo
552 2141 720 2202 discrimine
740 2160 855 2201 sacrum
1039 2159 1095 2216 770

101 2226 293 2295 Sustulerant,
314 2237 389 2300 puro
410 2233 444 2282 ut
463 2232 585 2298 possent
605 2241 777 2282 concurrere
798 2240 913 2299 campo.

102 2305 165 2364 Hic
185 2306 270 2364 hasta
288 2306 410 2362 Aeneae
430 2304 526 2362 stabat
531 2325 540 2376 3
560 2303 619 2361 huc
640 2301 767 2379 impetus
788 2302 868 2361 illam

102 2386 265 2457 Detulerat,
286 2385 374 2442 fixam
395 2393 425 2443 et
444 2383 525 2442 lenta
544 2382 575 2440 iu
595 2381 693 2442 radice
714 2383 840 2442 tenebat.

102 2463 244 2525 Incubuit
263 2463 414 2540 voluitque
435 2482 524 2521 manu
546 2464 710 2522 convellere
729 2463 838 2522 ferrum

102 2543 297 2616 Dardanides,
320 2544 439 2620 teloque
459 2541 552 2618 sequi,
573 2561 662 2618 quem
683 2543 825 2618 prendere
847 2560 934 2602 cursu
1036 2556 1092 2619 775

101 2627 174 2684 Non
193 2632 316 2700 poterat.
358 2624 438 2682 Tum
458 2642 528 2682 vero
548 2641 650 2681 amens
670 2622 827 2683 formidine
846 2623 973 2693 Turnus,

102 2706 234 2778 ‘Faune,
255 2723 367 2780 precor,
389 2703 543 2773 miserere,’
564 2701 668 2778 inquit,
692 2705 800 2777 ‘tuque
821 2712 947 2778 optuma
965 2702 1073 2760 serrum
1108 2745 1110 2748 -

103 2787 214 2844 ‘Terra
234 2793 310 2855 tene,
333 2781 412 2842 colui
432 2792 544 2841 vestros
565 2781 589 2841 si
610 2799 726 2856 semper
745 2782 880 2852 honores,

102 2865 207 2940 ‘Quos
228 2874 331 2922 contra
351 2863 511 2921 Aeneadae
531 2862 610 2919 bello
631 2861 726 2921 fecere
746 2861 903 2937 profanos?

102 2943 195 3015 Dixit,
218 2961 367 3020 opemque
388 2941 437 3001 dei
457 2960 519 3000 non
540 2959 624 2999 cassa
643 2939 674 2999 iu
695 2952 765 3000 vota
785 2939 909 2999 vocavit
1037 2941 1095 3015 780

102 3026 242 3100 Namque
263 3021 314 3082 diu
335 3023 450 3080 luctans
471 3023 611 3097 lentoque
632 3019 663 3078 in
684 3021 772 3097 stirpe
793 3031 924 3080 moratus

101 3102 222 3162 Viribus
242 3103 322 3162 haud
343 3102 409 3161 ullis
430 3100 521 3160 valuit
541 3101 706 3161 discludere
726 3119 840 3160 morsus

104 3181 233 3242 Roboris
253 3185 379 3241 Aeneas.
424 3183 506 3240 Dum
527 3180 629 3240 nititur
648 3199 716 3240 acer
736 3191 766 3240 et
786 3179 883 3254 instat,

104 3265 218 3322 Rursus
239 3261 270 3321 in
291 3261 408 3337 aurigae
429 3259 534 3319 faciem
555 3269 669 3318 mutata
690 3260 808 3321 Metisci

105 3340 252 3402 Ptocurrit
271 3340 409 3416 fratrique
429 3359 531 3400 ensem
552 3339 610 3398 dea
631 3341 750 3398 Daunia
769 3340 872 3399 reddit.
1037 3342 1092 3413 785
