<?xml version="1.0" encoding="UTF-8"?>
<!DOCTYPE html PUBLIC "-//W3C//DTD XHTML 1.0 Transitional//EN"
    "http://www.w3.org/TR/xhtml1/DTD/xhtml1-transitional.dtd">
<html xmlns="http://www.w3.org/1999/xhtml" xml:lang="en" lang="en">
 <head>
  <title>
</title>
<meta http-equiv="Content-Type" content="text/html;charset=utf-8" />
  <meta name='ocr-system' content='tesseract 3.04.00' />
  <meta name='ocr-capabilities' content='ocr_page ocr_carea ocr_par ocr_line ocrx_word'/>
</head>
<body>
  <div class='ocr_page' id='page_1' title='image "./pvergilimaronis13virggoog/pvergilimaronis13virggoog_0101.png"; bbox 0 0 2494 3702; ppageno 0'>
   <div class='ocr_carea' id='block_1_1' title="bbox 141 74 885 139">
    <p class='ocr_par' dir='ltr' id='par_1_1' title="bbox 141 74 885 139">
     <span class='ocr_line' id='line_1_1' title="bbox 141 74 885 139; baseline -0.007 0"><span class='ocrx_word' id='word_1_1' title='bbox 141 82 177 139; x_wconf 84' lang='lat'>9²</span> <span class='ocrx_word' id='word_1_2' title='bbox 389 75 425 133; x_wconf 84' lang='lat' dir='ltr'>P.</span> <span class='ocrx_word' id='word_1_3' title='bbox 462 74 652 133; x_wconf 83' lang='lat' dir='ltr'><em>VERGILI</em></span> <span class='ocrx_word' id='word_1_4' title='bbox 672 75 885 134; x_wconf 81' lang='lat' dir='ltr'><em>MARONIS</em></span> 
     </span>
    </p>
   </div>
   <div class='ocr_carea' id='block_1_2' title="bbox 137 225 1144 3268">
    <p class='ocr_par' dir='ltr' id='par_1_2' title="bbox 139 225 1144 384">
     <span class='ocr_line' id='line_1_2' title="bbox 183 225 1144 318; baseline 0.001 -30"><span class='ocrx_word' id='word_1_5' title='bbox 183 230 214 287; x_wconf 89' lang='lat' dir='ltr'>T.</span> <span class='ocrx_word' id='word_1_6' title='bbox 238 225 340 288; x_wconf 89' lang='lat' dir='ltr'>Sinum</span> <span class='ocrx_word' id='word_1_7' title='bbox 361 227 444 286; x_wconf 89' lang='lat' dir='ltr'>lactis</span> <span class='ocrx_word' id='word_1_8' title='bbox 466 236 496 286; x_wconf 89' lang='lat' dir='ltr'>et</span> <span class='ocrx_word' id='word_1_9' title='bbox 515 229 590 287; x_wconf 92' lang='lat' dir='ltr'>haec</span> <span class='ocrx_word' id='word_1_10' title='bbox 610 238 640 287; x_wconf 92' lang='lat' dir='ltr'>te</span> <span class='ocrx_word' id='word_1_11' title='bbox 662 225 732 298; x_wconf 92' lang='lat' dir='ltr'>liba,</span> <span class='ocrx_word' id='word_1_12' title='bbox 752 227 866 318; x_wconf 89' lang='lat' dir='ltr'>Priape,</span> <span class='ocrx_word' id='word_1_13' title='bbox 888 230 1049 304; x_wconf 83' lang='lat' dir='ltr'><strong>quotannis</strong></span> <span class='ocrx_word' id='word_1_14' title='bbox 1140 259 1144 265; x_wconf 96' lang='lat'>·</span> 
     </span>
     <span class='ocr_line' id='line_1_3' title="bbox 139 307 892 384; baseline -0.003 -17"><span class='ocrx_word' id='word_1_15' title='bbox 139 309 304 384; x_wconf 86' lang='lat' dir='ltr'>Expectare</span> <span class='ocrx_word' id='word_1_16' title='bbox 324 318 369 366; x_wconf 90' lang='lat' dir='ltr'>sat</span> <span class='ocrx_word' id='word_1_17' title='bbox 387 319 449 367; x_wconf 88' lang='lat' dir='ltr'>est:</span> <span class='ocrx_word' id='word_1_18' title='bbox 476 319 576 366; x_wconf 88' lang='lat' dir='ltr'>custos</span> <span class='ocrx_word' id='word_1_19' title='bbox 598 325 630 366; x_wconf 91' lang='lat' dir='ltr'>es</span> <span class='ocrx_word' id='word_1_20' title='bbox 650 307 788 383; x_wconf 89' lang='lat' dir='ltr'>pauperis</span> <span class='ocrx_word' id='word_1_21' title='bbox 807 307 892 367; x_wconf 91' lang='lat' dir='ltr'>horti.</span> 
     </span>
    </p>

    <p class='ocr_par' dir='ltr' id='par_1_3' title="bbox 139 386 1139 544">
     <span class='ocr_line' id='line_1_4' title="bbox 139 386 1139 468; baseline 0.002 -21"><span class='ocrx_word' id='word_1_22' title='bbox 139 390 229 447; x_wconf 92' lang='lat' dir='ltr'>Nunc</span> <span class='ocrx_word' id='word_1_23' title='bbox 250 398 280 446; x_wconf 89' lang='lat' dir='ltr'>te</span> <span class='ocrx_word' id='word_1_24' title='bbox 302 405 498 447; x_wconf 87' lang='lat' dir='ltr'>marmoreum</span> <span class='ocrx_word' id='word_1_25' title='bbox 519 406 573 463; x_wconf 93' lang='lat' dir='ltr'>pro</span> <span class='ocrx_word' id='word_1_26' title='bbox 593 399 727 463; x_wconf 89' lang='lat' dir='ltr'>tempore</span> <span class='ocrx_word' id='word_1_27' title='bbox 749 386 892 461; x_wconf 87' lang='lat' dir='ltr'>fecimus,</span> <span class='ocrx_word' id='word_1_28' title='bbox 918 400 948 448; x_wconf 89' lang='lat' dir='ltr'>at</span> <span class='ocrx_word' id='word_1_29' title='bbox 969 399 1001 448; x_wconf 91' lang='lat' dir='ltr'>tu</span> <span class='ocrx_word' id='word_1_30' title='bbox 1099 407 1139 468; x_wconf 84' lang='lat'>35</span> 
     </span>
     <span class='ocr_line' id='line_1_5' title="bbox 139 467 852 544; baseline -0.003 -16"><span class='ocrx_word' id='word_1_31' title='bbox 139 467 170 528; x_wconf 92' lang='lat' dir='ltr'>Si</span> <span class='ocrx_word' id='word_1_32' title='bbox 192 468 287 528; x_wconf 83' lang='lat' dir='ltr'>fetura</span> <span class='ocrx_word' id='word_1_33' title='bbox 306 485 425 544; x_wconf 87' lang='lat' dir='ltr'>gregem</span> <span class='ocrx_word' id='word_1_34' title='bbox 445 469 630 543; x_wconf 82' lang='lat' dir='ltr'>suppleverit,</span> <span class='ocrx_word' id='word_1_35' title='bbox 653 486 758 526; x_wconf 89' lang='lat' dir='ltr'>aureus</span> <span class='ocrx_word' id='word_1_36' title='bbox 780 479 852 527; x_wconf 89' lang='lat' dir='ltr'>esto.</span> 
     </span>
    </p>

    <p class='ocr_par' dir='ltr' id='par_1_4' title="bbox 183 546 1005 637">
     <span class='ocr_line' id='line_1_6' title="bbox 183 546 1005 637; baseline 0.004 -31"><span class='ocrx_word' id='word_1_37' title='bbox 183 548 214 607; x_wconf 88' lang='lat' dir='ltr'>C.</span> <span class='ocrx_word' id='word_1_38' title='bbox 238 546 348 606; x_wconf 87' lang='lat' dir='ltr'>Nerine</span> <span class='ocrx_word' id='word_1_39' title='bbox 371 548 503 637; x_wconf 76' lang='lat' dir='ltr'>Galatea,</span> <span class='ocrx_word' id='word_1_40' title='bbox 523 549 624 625; x_wconf 93' lang='lat' dir='ltr'>thymo</span> <span class='ocrx_word' id='word_1_41' title='bbox 645 547 718 606; x_wconf 93' lang='lat' dir='ltr'>mihi</span> <span class='ocrx_word' id='word_1_42' title='bbox 739 548 855 608; x_wconf 89' lang='lat' dir='ltr'>dulcior</span> <span class='ocrx_word' id='word_1_43' title='bbox 876 550 1005 626; x_wconf 82' lang='lat' dir='ltr'>Hyblae,</span> 
     </span>
    </p>

    <p class='ocr_par' dir='ltr' id='par_1_5' title="bbox 139 626 1141 864">
     <span class='ocr_line' id='line_1_7' title="bbox 139 626 840 704; baseline 0 -16"><span class='ocrx_word' id='word_1_44' title='bbox 139 627 303 688; x_wconf 85' lang='lat' dir='ltr'>Candidior</span> <span class='ocrx_word' id='word_1_45' title='bbox 324 626 433 704; x_wconf 87' lang='lat' dir='ltr'>cycnis,</span> <span class='ocrx_word' id='word_1_46' title='bbox 457 627 566 687; x_wconf 88' lang='lat' dir='ltr'>hedera</span> <span class='ocrx_word' id='word_1_47' title='bbox 586 627 744 687; x_wconf 86' lang='lat' dir='ltr'>formosior</span> <span class='ocrx_word' id='word_1_48' title='bbox 764 629 840 700; x_wconf 88' lang='lat' dir='ltr'>alba,</span> 
     </span>
     <span class='ocr_line' id='line_1_8' title="bbox 139 706 925 784; baseline 0 -16"><span class='ocrx_word' id='word_1_49' title='bbox 139 709 216 768; x_wconf 90' lang='lat' dir='ltr'>Cum</span> <span class='ocrx_word' id='word_1_50' title='bbox 238 707 367 784; x_wconf 91' lang='lat' dir='ltr'>primum</span> <span class='ocrx_word' id='word_1_51' title='bbox 389 706 466 784; x_wconf 85' lang='lat' dir='ltr'>pasti</span> <span class='ocrx_word' id='word_1_52' title='bbox 492 718 628 784; x_wconf 89' lang='lat' dir='ltr'>repetent</span> <span class='ocrx_word' id='word_1_53' title='bbox 648 707 820 784; x_wconf 77' lang='lat' dir='ltr'>praesaepia</span> <span class='ocrx_word' id='word_1_54' title='bbox 842 711 925 784; x_wconf 87' lang='lat' dir='ltr'>tauri,</span> 
     </span>
     <span class='ocr_line' id='line_1_9' title="bbox 141 787 1141 864; baseline 0.002 -18"><span class='ocrx_word' id='word_1_55' title='bbox 141 787 252 864; x_wconf 90' lang='lat' dir='ltr'>Siqua</span> <span class='ocrx_word' id='word_1_56' title='bbox 273 789 316 847; x_wconf 92' lang='lat' dir='ltr'>tui</span> <span class='ocrx_word' id='word_1_57' title='bbox 338 788 504 864; x_wconf 90' lang='lat' dir='ltr'>Corydonis</span> <span class='ocrx_word' id='word_1_58' title='bbox 526 787 764 861; x_wconf 89' lang='lat' dir='ltr'>habettecura,</span> <span class='ocrx_word' id='word_1_59' title='bbox 788 789 895 849; x_wconf 88' lang='lat' dir='ltr'>venito.</span> <span class='ocrx_word' id='word_1_60' title='bbox 1097 810 1141 863; x_wconf 84' lang='lat'>40</span> 
     </span>
    </p>

    <p class='ocr_par' dir='ltr' id='par_1_6' title="bbox 142 867 1061 1024">
     <span class='ocr_line' id='line_1_10' title="bbox 182 867 1061 944; baseline 0.003 -17"><span class='ocrx_word' id='word_1_61' title='bbox 182 870 215 927; x_wconf 93' lang='lat' dir='ltr'>T.</span> <span class='ocrx_word' id='word_1_62' title='bbox 245 870 344 928; x_wconf 90' lang='lat' dir='ltr'>Immo</span> <span class='ocrx_word' id='word_1_63' title='bbox 365 887 421 944; x_wconf 94' lang='lat' dir='ltr'>ego</span> <span class='ocrx_word' id='word_1_64' title='bbox 441 867 591 928; x_wconf 87' lang='lat' dir='ltr'>Sardoniis</span> <span class='ocrx_word' id='word_1_65' title='bbox 610 867 712 928; x_wconf 89' lang='lat' dir='ltr'>videar</span> <span class='ocrx_word' id='word_1_66' title='bbox 733 868 787 928; x_wconf 90' lang='lat' dir='ltr'>tibi</span> <span class='ocrx_word' id='word_1_67' title='bbox 806 867 932 928; x_wconf 88' lang='lat' dir='ltr'>amarior</span> <span class='ocrx_word' id='word_1_68' title='bbox 953 869 1061 943; x_wconf 89' lang='lat' dir='ltr'>herbis,</span> 
     </span>
     <span class='ocr_line' id='line_1_11' title="bbox 142 947 764 1024; baseline 0 -18"><span class='ocrx_word' id='word_1_69' title='bbox 142 947 297 1008; x_wconf 89' lang='lat' dir='ltr'>Horridior</span> <span class='ocrx_word' id='word_1_70' title='bbox 316 967 411 1020; x_wconf 89' lang='lat' dir='ltr'>rusco,</span> <span class='ocrx_word' id='word_1_71' title='bbox 433 948 564 1024; x_wconf 90' lang='lat' dir='ltr'>proiecta</span> <span class='ocrx_word' id='word_1_72' title='bbox 584 947 669 1008; x_wconf 92' lang='lat' dir='ltr'>vilior</span> <span class='ocrx_word' id='word_1_73' title='bbox 688 950 764 1024; x_wconf 87' lang='lat' dir='ltr'>alga,</span> 
     </span>
    </p>

    <p class='ocr_par' dir='ltr' id='par_1_7' title="bbox 139 1027 986 1184">
     <span class='ocr_line' id='line_1_12' title="bbox 139 1027 986 1105; baseline 0.001 -19"><span class='ocrx_word' id='word_1_74' title='bbox 139 1028 169 1087; x_wconf 93' lang='lat' dir='ltr'>Si</span> <span class='ocrx_word' id='word_1_75' title='bbox 190 1027 263 1087; x_wconf 91' lang='lat' dir='ltr'>mihi</span> <span class='ocrx_word' id='word_1_76' title='bbox 283 1046 345 1087; x_wconf 93' lang='lat' dir='ltr'>non</span> <span class='ocrx_word' id='word_1_77' title='bbox 365 1029 439 1087; x_wconf 84' lang='lat' dir='ltr'>haec</span> <span class='ocrx_word' id='word_1_78' title='bbox 460 1029 509 1086; x_wconf 90' lang='lat' dir='ltr'>lux</span> <span class='ocrx_word' id='word_1_79' title='bbox 530 1037 594 1088; x_wconf 92' lang='lat' dir='ltr'>toto</span> <span class='ocrx_word' id='word_1_80' title='bbox 614 1027 674 1087; x_wconf 90' lang='lat' dir='ltr'>iam</span> <span class='ocrx_word' id='word_1_81' title='bbox 697 1027 812 1105; x_wconf 86' lang='lat' dir='ltr'>longior</span> <span class='ocrx_word' id='word_1_82' title='bbox 832 1048 912 1089; x_wconf 92' lang='lat' dir='ltr'>anno</span> <span class='ocrx_word' id='word_1_83' title='bbox 934 1040 986 1089; x_wconf 88' lang='lat' dir='ltr'>est.</span> 
     </span>
     <span class='ocr_line' id='line_1_13' title="bbox 139 1107 906 1184; baseline 0.005 -18"><span class='ocrx_word' id='word_1_84' title='bbox 139 1111 186 1168; x_wconf 91' lang='lat' dir='ltr'>Ite</span> <span class='ocrx_word' id='word_1_85' title='bbox 207 1110 329 1167; x_wconf 90' lang='lat' dir='ltr'>domum</span> <span class='ocrx_word' id='word_1_86' title='bbox 351 1107 438 1183; x_wconf 89' lang='lat' dir='ltr'>pasti,</span> <span class='ocrx_word' id='word_1_87' title='bbox 461 1107 486 1166; x_wconf 93' lang='lat' dir='ltr'>si</span> <span class='ocrx_word' id='word_1_88' title='bbox 505 1107 571 1183; x_wconf 92' lang='lat' dir='ltr'>quis</span> <span class='ocrx_word' id='word_1_89' title='bbox 591 1108 697 1184; x_wconf 92' lang='lat' dir='ltr'>pudor,</span> <span class='ocrx_word' id='word_1_90' title='bbox 718 1108 759 1169; x_wconf 89' lang='lat' dir='ltr'>ite</span> <span class='ocrx_word' id='word_1_91' title='bbox 780 1109 906 1170; x_wconf 84' lang='lat' dir='ltr'>iuvenci.</span> 
     </span>
    </p>

    <p class='ocr_par' dir='ltr' id='par_1_8' title="bbox 139 1189 1137 1344">
     <span class='ocr_line' id='line_1_14' title="bbox 184 1189 1137 1270; baseline 0.003 -22"><span class='ocrx_word' id='word_1_92' title='bbox 184 1190 216 1248; x_wconf 88' lang='lat' dir='ltr'>C.</span> <span class='ocrx_word' id='word_1_93' title='bbox 247 1189 381 1248; x_wconf 90' lang='lat' dir='ltr'>Muscosi</span> <span class='ocrx_word' id='word_1_94' title='bbox 401 1189 497 1247; x_wconf 83' lang='lat' dir='ltr'>sontes</span> <span class='ocrx_word' id='word_1_95' title='bbox 518 1197 547 1247; x_wconf 93' lang='lat' dir='ltr'>et</span> <span class='ocrx_word' id='word_1_96' title='bbox 569 1207 675 1249; x_wconf 92' lang='lat' dir='ltr'>somno</span> <span class='ocrx_word' id='word_1_97' title='bbox 696 1189 814 1248; x_wconf 90' lang='lat' dir='ltr'>mollior</span> <span class='ocrx_word' id='word_1_98' title='bbox 833 1191 933 1262; x_wconf 91' lang='lat' dir='ltr'>herba,</span> <span class='ocrx_word' id='word_1_99' title='bbox 1096 1213 1137 1270; x_wconf 86' lang='lat'>45</span> 
     </span>
     <span class='ocr_line' id='line_1_15' title="bbox 139 1267 922 1344; baseline 0.001 -17"><span class='ocrx_word' id='word_1_100' title='bbox 139 1269 178 1327; x_wconf 88' lang='lat' dir='ltr'>Et</span> <span class='ocrx_word' id='word_1_101' title='bbox 198 1287 274 1344; x_wconf 87' lang='lat' dir='ltr'>quae</span> <span class='ocrx_word' id='word_1_102' title='bbox 296 1287 350 1328; x_wconf 91' lang='lat' dir='ltr'>vos</span> <span class='ocrx_word' id='word_1_103' title='bbox 369 1286 433 1326; x_wconf 91' lang='lat' dir='ltr'>rara</span> <span class='ocrx_word' id='word_1_104' title='bbox 454 1267 554 1327; x_wconf 90' lang='lat' dir='ltr'>viridis</span> <span class='ocrx_word' id='word_1_105' title='bbox 575 1267 647 1344; x_wconf 92' lang='lat' dir='ltr'>tegit</span> <span class='ocrx_word' id='word_1_106' title='bbox 667 1273 788 1329; x_wconf 89' lang='lat' dir='ltr'>arbutus</span> <span class='ocrx_word' id='word_1_107' title='bbox 810 1272 922 1342; x_wconf 87' lang='lat' dir='ltr'>umbra,</span> 
     </span>
    </p>

    <p class='ocr_par' dir='ltr' id='par_1_9' title="bbox 138 1347 943 1506">
     <span class='ocr_line' id='line_1_16' title="bbox 139 1347 918 1424; baseline 0 -16"><span class='ocrx_word' id='word_1_108' title='bbox 139 1348 302 1408; x_wconf 91' lang='lat' dir='ltr'>Solstitium</span> <span class='ocrx_word' id='word_1_109' title='bbox 322 1349 422 1424; x_wconf 88' lang='lat' dir='ltr'>pecori</span> <span class='ocrx_word' id='word_1_110' title='bbox 444 1347 613 1422; x_wconf 84' lang='lat' dir='ltr'>defendite3</span> <span class='ocrx_word' id='word_1_111' title='bbox 640 1348 699 1408; x_wconf 89' lang='lat' dir='ltr'>iam</span> <span class='ocrx_word' id='word_1_112' title='bbox 718 1350 799 1410; x_wconf 86' lang='lat' dir='ltr'>venit</span> <span class='ocrx_word' id='word_1_113' title='bbox 821 1361 918 1408; x_wconf 87' lang='lat' dir='ltr'>aestas</span> 
     </span>
     <span class='ocr_line' id='line_1_17' title="bbox 138 1427 951 1506; baseline 0.004 -19"><span class='ocrx_word' id='word_1_114' title='bbox 138 1427 303 1500; x_wconf 89' lang='lat' dir='ltr'>Torrida,</span> <span class='ocrx_word' id='word_1_115' title='bbox 294 1447 353 1488; x_wconf 86' lang='lat' dir='ltr'>ram</span> <span class='ocrx_word' id='word_1_116' title='bbox 375 1429 456 1488; x_wconf 92' lang='lat' dir='ltr'>lento</span> <span class='ocrx_word' id='word_1_117' title='bbox 478 1439 594 1506; x_wconf 88' lang='lat' dir='ltr'>turgent</span> <span class='ocrx_word' id='word_1_118' title='bbox 614 1428 645 1487; x_wconf 92' lang='lat' dir='ltr'>in</span> <span class='ocrx_word' id='word_1_119' title='bbox 666 1429 788 1505; x_wconf 88' lang='lat' dir='ltr'>palmite</span> <span class='ocrx_word' id='word_1_120' title='bbox 808 1449 951 1506; x_wconf 88' lang='lat' dir='ltr'>gemmae.</span> 
     </span>
    </p>

    <p class='ocr_par' dir='ltr' id='par_1_10' title="bbox 137 1508 1138 1828">
     <span class='ocr_line' id='line_1_18' title="bbox 181 1508 1055 1588; baseline 0.002 -19"><span class='ocrx_word' id='word_1_121' title='bbox 181 1512 214 1569; x_wconf 89' lang='lat' dir='ltr'>T.</span> <span class='ocrx_word' id='word_1_122' title='bbox 244 1509 306 1568; x_wconf 87' lang='lat' dir='ltr'>Hic</span> <span class='ocrx_word' id='word_1_123' title='bbox 323 1509 406 1568; x_wconf 87' lang='lat' dir='ltr'>locus</span> <span class='ocrx_word' id='word_1_124' title='bbox 425 1519 455 1568; x_wconf 91' lang='lat' dir='ltr'>et</span> <span class='ocrx_word' id='word_1_125' title='bbox 475 1511 581 1568; x_wconf 88' lang='lat' dir='ltr'>taedae</span> <span class='ocrx_word' id='word_1_126' title='bbox 600 1508 733 1586; x_wconf 90' lang='lat' dir='ltr'>pingues,</span> <span class='ocrx_word' id='word_1_127' title='bbox 750 1509 799 1569; x_wconf 92' lang='lat' dir='ltr'>hic</span> <span class='ocrx_word' id='word_1_128' title='bbox 820 1509 988 1587; x_wconf 91' lang='lat' dir='ltr'>plurimus</span> <span class='ocrx_word' id='word_1_129' title='bbox 979 1511 1055 1588; x_wconf 87' lang='lat' dir='ltr'>ignis</span> 
     </span>
     <span class='ocr_line' id='line_1_19' title="bbox 138 1587 1138 1669; baseline 0.002 -19"><span class='ocrx_word' id='word_1_130' title='bbox 138 1592 261 1666; x_wconf 90' lang='lat' dir='ltr'>Semper</span> <span class='ocrx_word' id='word_1_131' title='bbox 282 1600 312 1649; x_wconf 92' lang='lat' dir='ltr'>et</span> <span class='ocrx_word' id='word_1_132' title='bbox 332 1587 458 1648; x_wconf 89' lang='lat' dir='ltr'>adsidua</span> <span class='ocrx_word' id='word_1_133' title='bbox 478 1603 580 1665; x_wconf 90' lang='lat' dir='ltr'>postes</span> <span class='ocrx_word' id='word_1_134' title='bbox 600 1589 720 1666; x_wconf 80' lang='lat' dir='ltr'>fuligine</span> <span class='ocrx_word' id='word_1_135' title='bbox 743 1589 835 1666; x_wconf 90' lang='lat' dir='ltr'>nigri3</span> <span class='ocrx_word' id='word_1_136' title='bbox 1097 1611 1138 1669; x_wconf 89' lang='lat'>50</span> 
     </span>
     <span class='ocr_line' id='line_1_20' title="bbox 140 1669 930 1762; baseline 0.001 -33"><span class='ocrx_word' id='word_1_137' title='bbox 140 1670 201 1729; x_wconf 91' lang='lat' dir='ltr'>Hic</span> <span class='ocrx_word' id='word_1_138' title='bbox 221 1680 335 1729; x_wconf 89' lang='lat' dir='ltr'>tantum</span> <span class='ocrx_word' id='word_1_139' title='bbox 358 1672 472 1729; x_wconf 90' lang='lat' dir='ltr'>Boreae</span> <span class='ocrx_word' id='word_1_140' title='bbox 491 1688 628 1728; x_wconf 88' lang='lat' dir='ltr'>curamus</span> <span class='ocrx_word' id='word_1_141' title='bbox 648 1669 761 1759; x_wconf 86' lang='lat' dir='ltr'>frigora,</span> <span class='ocrx_word' id='word_1_142' title='bbox 786 1682 930 1762; x_wconf 85' lang='lat' dir='ltr'>quantum</span> 
     </span>
     <span class='ocr_line' id='line_1_21' title="bbox 137 1751 961 1828; baseline 0.004 -20"><span class='ocrx_word' id='word_1_143' title='bbox 137 1753 198 1810; x_wconf 90' lang='lat' dir='ltr'>Aut</span> <span class='ocrx_word' id='word_1_144' title='bbox 219 1769 376 1810; x_wconf 89' lang='lat' dir='ltr'>numerum</span> <span class='ocrx_word' id='word_1_145' title='bbox 397 1751 485 1826; x_wconf 91' lang='lat' dir='ltr'>lupus</span> <span class='ocrx_word' id='word_1_146' title='bbox 505 1762 556 1810; x_wconf 88' lang='lat' dir='ltr'>aut</span> <span class='ocrx_word' id='word_1_147' title='bbox 575 1752 714 1810; x_wconf 87' lang='lat' dir='ltr'>torrentia</span> <span class='ocrx_word' id='word_1_148' title='bbox 735 1751 899 1809; x_wconf 87' lang='lat' dir='ltr'>flumina</span> <span class='ocrx_word' id='word_1_149' title='bbox 877 1771 961 1828; x_wconf 81' lang='lat' dir='ltr'>ripas.</span> 
     </span>
    </p>

    <p class='ocr_par' dir='ltr' id='par_1_11' title="bbox 138 1830 1135 2141">
     <span class='ocr_line' id='line_1_22' title="bbox 181 1830 913 1905; baseline 0.003 -16"><span class='ocrx_word' id='word_1_150' title='bbox 181 1830 213 1889; x_wconf 89' lang='lat' dir='ltr'>C.</span> <span class='ocrx_word' id='word_1_151' title='bbox 241 1832 326 1890; x_wconf 87' lang='lat' dir='ltr'>Stant</span> <span class='ocrx_word' id='word_1_152' title='bbox 346 1839 376 1890; x_wconf 92' lang='lat' dir='ltr'>et</span> <span class='ocrx_word' id='word_1_153' title='bbox 396 1830 520 1905; x_wconf 89' lang='lat' dir='ltr'>iuniperi</span> <span class='ocrx_word' id='word_1_154' title='bbox 540 1839 570 1888; x_wconf 90' lang='lat' dir='ltr'>et</span> <span class='ocrx_word' id='word_1_155' title='bbox 590 1841 745 1890; x_wconf 80' lang='lat' dir='ltr'>castaneae</span> <span class='ocrx_word' id='word_1_156' title='bbox 766 1831 913 1902; x_wconf 85' lang='lat' dir='ltr'>hirsutae3</span> 
     </span>
     <span class='ocr_line' id='line_1_23' title="bbox 138 1909 1027 1988; baseline 0.002 -18"><span class='ocrx_word' id='word_1_157' title='bbox 138 1913 234 1970; x_wconf 88' lang='lat' dir='ltr'>Strata</span> <span class='ocrx_word' id='word_1_158' title='bbox 252 1909 350 1969; x_wconf 90' lang='lat' dir='ltr'>iacent</span> <span class='ocrx_word' id='word_1_159' title='bbox 372 1909 482 1986; x_wconf 91' lang='lat' dir='ltr'>passim</span> <span class='ocrx_word' id='word_1_160' title='bbox 503 1929 557 1969; x_wconf 87' lang='lat' dir='ltr'>sua</span> <span class='ocrx_word' id='word_1_161' title='bbox 578 1929 695 1986; x_wconf 90' lang='lat' dir='ltr'>quaque</span> <span class='ocrx_word' id='word_1_162' title='bbox 716 1912 772 1970; x_wconf 93' lang='lat' dir='ltr'>sub</span> <span class='ocrx_word' id='word_1_163' title='bbox 793 1913 896 1972; x_wconf 88' lang='lat' dir='ltr'>arbore</span> <span class='ocrx_word' id='word_1_164' title='bbox 918 1931 1027 1988; x_wconf 85' lang='lat' dir='ltr'>poma3</span> 
     </span>
     <span class='ocr_line' id='line_1_24' title="bbox 139 1988 1135 2070; baseline 0 -19"><span class='ocrx_word' id='word_1_165' title='bbox 139 1991 248 2051; x_wconf 91' lang='lat' dir='ltr'>Omnia</span> <span class='ocrx_word' id='word_1_166' title='bbox 269 2009 348 2049; x_wconf 91' lang='lat' dir='ltr'>nunc</span> <span class='ocrx_word' id='word_1_167' title='bbox 369 1989 466 2049; x_wconf 90' lang='lat' dir='ltr'>rident</span> <span class='ocrx_word' id='word_1_168' title='bbox 475 2011 484 2063; x_wconf 88' lang='lat'>3</span> <span class='ocrx_word' id='word_1_169' title='bbox 511 1999 542 2048; x_wconf 88' lang='lat' dir='ltr'>at</span> <span class='ocrx_word' id='word_1_170' title='bbox 563 1988 587 2048; x_wconf 94' lang='lat' dir='ltr'>si</span> <span class='ocrx_word' id='word_1_171' title='bbox 609 1991 755 2050; x_wconf 85' lang='lat' dir='ltr'>formosus</span> <span class='ocrx_word' id='word_1_172' title='bbox 775 1991 876 2052; x_wconf 86' lang='lat' dir='ltr'>Alexis</span> <span class='ocrx_word' id='word_1_173' title='bbox 1096 2012 1135 2070; x_wconf 86' lang='lat'>55</span> 
     </span>
     <span class='ocr_line' id='line_1_25' title="bbox 140 2069 890 2141; baseline 0.003 -12"><span class='ocrx_word' id='word_1_174' title='bbox 140 2071 295 2130; x_wconf 90' lang='lat' dir='ltr'>Montibus</span> <span class='ocrx_word' id='word_1_175' title='bbox 315 2069 360 2128; x_wconf 92' lang='lat' dir='ltr'>his</span> <span class='ocrx_word' id='word_1_176' title='bbox 380 2071 475 2141; x_wconf 92' lang='lat' dir='ltr'>abeat,</span> <span class='ocrx_word' id='word_1_177' title='bbox 498 2069 599 2129; x_wconf 91' lang='lat' dir='ltr'>videas</span> <span class='ocrx_word' id='word_1_178' title='bbox 619 2082 648 2130; x_wconf 93' lang='lat' dir='ltr'>et</span> <span class='ocrx_word' id='word_1_179' title='bbox 666 2071 788 2130; x_wconf 89' lang='lat' dir='ltr'>flumina</span> <span class='ocrx_word' id='word_1_180' title='bbox 806 2072 890 2131; x_wconf 89' lang='lat' dir='ltr'>sicca.</span> 
     </span>
    </p>

    <p class='ocr_par' dir='ltr' id='par_1_12' title="bbox 139 2149 970 2306">
     <span class='ocr_line' id='line_1_26' title="bbox 180 2149 970 2228; baseline 0.001 -18"><span class='ocrx_word' id='word_1_181' title='bbox 180 2153 215 2210; x_wconf 90' lang='lat' dir='ltr'>T.</span> <span class='ocrx_word' id='word_1_182' title='bbox 243 2154 316 2210; x_wconf 86' lang='lat' dir='ltr'>Aret</span> <span class='ocrx_word' id='word_1_183' title='bbox 335 2169 422 2226; x_wconf 71' lang='lat' dir='ltr'>ager,</span> <span class='ocrx_word' id='word_1_184' title='bbox 446 2150 517 2210; x_wconf 90' lang='lat' dir='ltr'>vitio</span> <span class='ocrx_word' id='word_1_185' title='bbox 540 2149 668 2209; x_wconf 91' lang='lat' dir='ltr'>moriens</span> <span class='ocrx_word' id='word_1_186' title='bbox 688 2149 749 2210; x_wconf 92' lang='lat' dir='ltr'>sitit</span> <span class='ocrx_word' id='word_1_187' title='bbox 769 2151 843 2211; x_wconf 85' lang='lat' dir='ltr'>a&#39;e&#39;ris</span> <span class='ocrx_word' id='word_1_188' title='bbox 864 2154 955 2213; x_wconf 87' lang='lat' dir='ltr'>herba</span> <span class='ocrx_word' id='word_1_189' title='bbox 961 2177 970 2228; x_wconf 87' lang='lat'>3</span> 
     </span>
     <span class='ocr_line' id='line_1_27' title="bbox 139 2229 849 2306; baseline 0.001 -16"><span class='ocrx_word' id='word_1_190' title='bbox 139 2230 228 2290; x_wconf 91' lang='lat' dir='ltr'>Liber</span> <span class='ocrx_word' id='word_1_191' title='bbox 247 2230 420 2306; x_wconf 90' lang='lat' dir='ltr'>pampineas</span> <span class='ocrx_word' id='word_1_192' title='bbox 441 2229 546 2288; x_wconf 92' lang='lat' dir='ltr'>invidit</span> <span class='ocrx_word' id='word_1_193' title='bbox 564 2230 689 2289; x_wconf 90' lang='lat' dir='ltr'>collibus</span> <span class='ocrx_word' id='word_1_194' title='bbox 711 2232 849 2290; x_wconf 89' lang='lat' dir='ltr'>umbras:</span> 
     </span>
    </p>

    <p class='ocr_par' dir='ltr' id='par_1_13' title="bbox 138 2310 1138 2466">
     <span class='ocr_line' id='line_1_28' title="bbox 138 2310 932 2388; baseline 0.003 -19"><span class='ocrx_word' id='word_1_195' title='bbox 138 2310 281 2388; x_wconf 89' lang='lat' dir='ltr'>Phyllidis</span> <span class='ocrx_word' id='word_1_196' title='bbox 301 2311 431 2369; x_wconf 89' lang='lat' dir='ltr'>adventu</span> <span class='ocrx_word' id='word_1_197' title='bbox 452 2321 570 2370; x_wconf 92' lang='lat' dir='ltr'>nostrae</span> <span class='ocrx_word' id='word_1_198' title='bbox 587 2329 693 2370; x_wconf 89' lang='lat' dir='ltr'>nemus</span> <span class='ocrx_word' id='word_1_199' title='bbox 712 2329 803 2370; x_wconf 89' lang='lat' dir='ltr'>omne</span> <span class='ocrx_word' id='word_1_200' title='bbox 820 2310 932 2385; x_wconf 85' lang='lat' dir='ltr'>virebit,</span> 
     </span>
     <span class='ocr_line' id='line_1_29' title="bbox 139 2389 1138 2466; baseline 0.004 -16"><span class='ocrx_word' id='word_1_201' title='bbox 139 2391 273 2466; x_wconf 91' lang='lat' dir='ltr'>Iuppiter</span> <span class='ocrx_word' id='word_1_202' title='bbox 294 2401 323 2450; x_wconf 92' lang='lat' dir='ltr'>et</span> <span class='ocrx_word' id='word_1_203' title='bbox 345 2391 424 2449; x_wconf 91' lang='lat' dir='ltr'>laeto</span> <span class='ocrx_word' id='word_1_204' title='bbox 445 2390 608 2450; x_wconf 89' lang='lat' dir='ltr'>descendet</span> <span class='ocrx_word' id='word_1_205' title='bbox 627 2389 770 2466; x_wconf 92' lang='lat' dir='ltr'>plurimus</span> <span class='ocrx_word' id='word_1_206' title='bbox 791 2391 886 2452; x_wconf 86' lang='lat' dir='ltr'>imbri.</span> <span class='ocrx_word' id='word_1_207' title='bbox 1095 2397 1138 2454; x_wconf 71' lang='lat'>60&#39;</span> 
     </span>
    </p>

    <p class='ocr_par' dir='ltr' id='par_1_14' title="bbox 181 2469 935 2547">
     <span class='ocr_line' id='line_1_30' title="bbox 181 2469 935 2547; baseline 0.003 -17"><span class='ocrx_word' id='word_1_208' title='bbox 181 2472 213 2530; x_wconf 91' lang='lat' dir='ltr'>C.</span> <span class='ocrx_word' id='word_1_209' title='bbox 243 2471 375 2547; x_wconf 91' lang='lat' dir='ltr'>Populus</span> <span class='ocrx_word' id='word_1_210' title='bbox 394 2469 517 2528; x_wconf 88' lang='lat' dir='ltr'>Alcidae</span> <span class='ocrx_word' id='word_1_211' title='bbox 535 2469 708 2544; x_wconf 89' lang='lat' dir='ltr'>gratissima,</span> <span class='ocrx_word' id='word_1_212' title='bbox 728 2469 794 2530; x_wconf 90' lang='lat' dir='ltr'>vitis</span> <span class='ocrx_word' id='word_1_213' title='bbox 816 2473 935 2542; x_wconf 90' lang='lat' dir='ltr'>Iaccho,</span> 
     </span>
    </p>

    <p class='ocr_par' dir='ltr' id='par_1_15' title="bbox 139 2551 951 2786">
     <span class='ocr_line' id='line_1_31' title="bbox 139 2551 933 2627; baseline 0.004 -17"><span class='ocrx_word' id='word_1_214' title='bbox 139 2552 300 2610; x_wconf 89' lang='lat' dir='ltr'>Formosae</span> <span class='ocrx_word' id='word_1_215' title='bbox 321 2562 432 2626; x_wconf 90' lang='lat' dir='ltr'>myrtus</span> <span class='ocrx_word' id='word_1_216' title='bbox 452 2551 571 2620; x_wconf 85' lang='lat' dir='ltr'>Veneri,</span> <span class='ocrx_word' id='word_1_217' title='bbox 595 2569 648 2608; x_wconf 89' lang='lat' dir='ltr'>sna</span> <span class='ocrx_word' id='word_1_218' title='bbox 669 2552 768 2610; x_wconf 90' lang='lat' dir='ltr'>laurea</span> <span class='ocrx_word' id='word_1_219' title='bbox 790 2553 914 2612; x_wconf 86' lang='lat' dir='ltr'>Phoebo</span> <span class='ocrx_word' id='word_1_220' title='bbox 924 2575 933 2627; x_wconf 85' lang='lat'>3</span> 
     </span>
     <span class='ocr_line' id='line_1_32' title="bbox 141 2629 960 2719; baseline 0.002 -30"><span class='ocrx_word' id='word_1_221' title='bbox 141 2630 252 2707; x_wconf 89' lang='lat' dir='ltr'>Phyllis</span> <span class='ocrx_word' id='word_1_222' title='bbox 273 2640 354 2688; x_wconf 87' lang='lat' dir='ltr'>amat</span> <span class='ocrx_word' id='word_1_223' title='bbox 374 2631 507 2719; x_wconf 81' lang='lat' dir='ltr'>corylos3</span> <span class='ocrx_word' id='word_1_224' title='bbox 534 2629 598 2689; x_wconf 90' lang='lat' dir='ltr'>illas</span> <span class='ocrx_word' id='word_1_225' title='bbox 619 2631 690 2689; x_wconf 92' lang='lat' dir='ltr'>dum</span> <span class='ocrx_word' id='word_1_226' title='bbox 712 2629 820 2707; x_wconf 89' lang='lat' dir='ltr'>Phyllis</span> <span class='ocrx_word' id='word_1_227' title='bbox 841 2632 960 2705; x_wconf 87' lang='lat' dir='ltr'>amabit,</span> 
     </span>
     <span class='ocr_line' id='line_1_33' title="bbox 141 2708 929 2786; baseline 0.005 -17"><span class='ocrx_word' id='word_1_228' title='bbox 141 2712 207 2769; x_wconf 91' lang='lat' dir='ltr'>Nec</span> <span class='ocrx_word' id='word_1_229' title='bbox 227 2721 337 2786; x_wconf 88' lang='lat' dir='ltr'>myrtus</span> <span class='ocrx_word' id='word_1_230' title='bbox 357 2708 455 2770; x_wconf 92' lang='lat' dir='ltr'>vincet</span> <span class='ocrx_word' id='word_1_231' title='bbox 475 2711 590 2786; x_wconf 92' lang='lat' dir='ltr'>corylos</span> <span class='ocrx_word' id='word_1_232' title='bbox 611 2728 667 2769; x_wconf 91' lang='lat' dir='ltr'>nec</span> <span class='ocrx_word' id='word_1_233' title='bbox 688 2712 786 2770; x_wconf 89' lang='lat' dir='ltr'>laurea</span> <span class='ocrx_word' id='word_1_234' title='bbox 807 2713 929 2773; x_wconf 91' lang='lat' dir='ltr'>Phoebi</span> 
     </span>
    </p>

    <p class='ocr_par' dir='ltr' id='par_1_16' title="bbox 139 2789 1133 2948">
     <span class='ocr_line' id='line_1_34' title="bbox 181 2789 1133 2871; baseline 0.005 -22"><span class='ocrx_word' id='word_1_235' title='bbox 181 2792 214 2850; x_wconf 86' lang='lat' dir='ltr'>T.</span> <span class='ocrx_word' id='word_1_236' title='bbox 245 2789 413 2848; x_wconf 88' lang='lat' dir='ltr'>Fraxinus</span> <span class='ocrx_word' id='word_1_237' title='bbox 405 2809 436 2848; x_wconf 88' lang='lat' dir='ltr'>rn</span> <span class='ocrx_word' id='word_1_238' title='bbox 458 2789 537 2848; x_wconf 90' lang='lat' dir='ltr'>silvis</span> <span class='ocrx_word' id='word_1_239' title='bbox 556 2790 760 2866; x_wconf 87' lang='lat' dir='ltr'>pulcherrima,</span> <span class='ocrx_word' id='word_1_240' title='bbox 780 2792 868 2867; x_wconf 89' lang='lat' dir='ltr'>pinus</span> <span class='ocrx_word' id='word_1_241' title='bbox 887 2793 918 2851; x_wconf 93' lang='lat' dir='ltr'>in</span> <span class='ocrx_word' id='word_1_242' title='bbox 936 2793 1037 2866; x_wconf 78' lang='lat' dir='ltr'>hortiS,</span> <span class='ocrx_word' id='word_1_243' title='bbox 1094 2799 1111 2854; x_wconf 92' lang='lat'><strong>6</strong></span> <span class='ocrx_word' id='word_1_244' title='bbox 1116 2813 1133 2871; x_wconf 81' lang='lat'>5</span> 
     </span>
     <span class='ocr_line' id='line_1_35' title="bbox 139 2868 876 2948; baseline 0 -18"><span class='ocrx_word' id='word_1_245' title='bbox 139 2869 299 2948; x_wconf 90' lang='lat' dir='ltr'>Populus&#39;</span> <span class='ocrx_word' id='word_1_246' title='bbox 290 2889 321 2928; x_wconf 83' lang='lat' dir='ltr'>in</span> <span class='ocrx_word' id='word_1_247' title='bbox 341 2868 445 2941; x_wconf 89' lang='lat' dir='ltr'>fluviis,</span> <span class='ocrx_word' id='word_1_248' title='bbox 465 2869 577 2929; x_wconf 90' lang='lat' dir='ltr'>abies&#39;</span> <span class='ocrx_word' id='word_1_249' title='bbox 570 2889 600 2928; x_wconf 84' lang='lat' dir='ltr'>in</span> <span class='ocrx_word' id='word_1_250' title='bbox 621 2870 772 2930; x_wconf 88' lang='lat' dir='ltr'>montibus</span> <span class='ocrx_word' id='word_1_251' title='bbox 793 2870 876 2930; x_wconf 90' lang='lat' dir='ltr'>altis:</span> 
     </span>
    </p>

    <p class='ocr_par' dir='ltr' id='par_1_17' title="bbox 137 2949 884 3105">
     <span class='ocr_line' id='line_1_36' title="bbox 137 2949 868 3027; baseline 0 -17"><span class='ocrx_word' id='word_1_252' title='bbox 137 2950 261 3027; x_wconf 89' lang='lat' dir='ltr'>Saepius</span> <span class='ocrx_word' id='word_1_253' title='bbox 281 2960 312 3009; x_wconf 93' lang='lat' dir='ltr'>at</span> <span class='ocrx_word' id='word_1_254' title='bbox 333 2949 357 3008; x_wconf 92' lang='lat' dir='ltr'>si</span> <span class='ocrx_word' id='word_1_255' title='bbox 379 2969 436 3022; x_wconf 92' lang='lat' dir='ltr'>me,</span> <span class='ocrx_word' id='word_1_256' title='bbox 460 2949 572 3027; x_wconf 89' lang='lat' dir='ltr'>Lycida</span> <span class='ocrx_word' id='word_1_257' title='bbox 592 2951 730 3022; x_wconf 82' lang='lat' dir='ltr'>formose,</span> <span class='ocrx_word' id='word_1_258' title='bbox 752 2951 868 3026; x_wconf 76' lang='lat' dir='ltr'>revisaS,</span> 
     </span>
     <span class='ocr_line' id='line_1_37' title="bbox 139 2998 892 3105; baseline 0.001 -17"><span class='ocrx_word' id='word_1_259' title='bbox 139 3030 307 3088; x_wconf 89' lang='lat' dir='ltr'>Fraxinus</span> <span class='ocrx_word' id='word_1_260' title='bbox 299 3049 331 3087; x_wconf 93' lang='lat' dir='ltr'>1n</span> <span class='ocrx_word' id='word_1_261' title='bbox 351 3029 430 3086; x_wconf 89' lang='lat' dir='ltr'>silvis</span> <span class='ocrx_word' id='word_1_262' title='bbox 448 3030 537 3088; x_wconf 87' lang='lat' dir='ltr'>cedat</span> <span class='ocrx_word' id='word_1_263' title='bbox 554 3029 616 3101; x_wconf 92' lang='lat' dir='ltr'>tibi,</span> <span class='ocrx_word' id='word_1_264' title='bbox 639 3030 726 3105; x_wconf 91' lang='lat' dir='ltr'>pinus</span> <span class='ocrx_word' id='word_1_265' title='bbox 744 3028 775 3088; x_wconf 94' lang='lat' dir='ltr'>in</span> <span class='ocrx_word' id='word_1_266' title='bbox 793 2998 892 3090; x_wconf 89' lang='lat' dir='ltr'>hortis.</span> 
     </span>
    </p>

    <p class='ocr_par' dir='ltr' id='par_1_18' title="bbox 139 3107 1137 3268">
     <span class='ocr_line' id='line_1_38' title="bbox 182 3107 1133 3190; baseline 0.006 -24"><span class='ocrx_word' id='word_1_267' title='bbox 182 3111 228 3166; x_wconf 91' lang='lat' dir='ltr'>M.</span> <span class='ocrx_word' id='word_1_268' title='bbox 256 3110 343 3166; x_wconf 92' lang='lat' dir='ltr'>Haec</span> <span class='ocrx_word' id='word_1_269' title='bbox 358 3107 486 3176; x_wconf 88' lang='lat' dir='ltr'>memini,</span> <span class='ocrx_word' id='word_1_270' title='bbox 503 3119 532 3165; x_wconf 92' lang='lat' dir='ltr'>et</span> <span class='ocrx_word' id='word_1_271' title='bbox 546 3109 655 3166; x_wconf 89' lang='lat' dir='ltr'>victum</span> <span class='ocrx_word' id='word_1_272' title='bbox 670 3111 774 3167; x_wconf 79' lang='lat' dir='ltr'>frustra</span> <span class='ocrx_word' id='word_1_273' title='bbox 788 3110 969 3170; x_wconf 85' lang='lat' dir='ltr'>contendere</span> <span class='ocrx_word' id='word_1_274' title='bbox 987 3112 1133 3190; x_wconf 86' lang='lat' dir='ltr'>Thyrsirn.</span> 
     </span>
     <span class='ocr_line' id='line_1_39' title="bbox 139 3151 1137 3268; baseline 0.006 -23"><span class='ocrx_word' id='word_1_275' title='bbox 139 3188 185 3245; x_wconf 92' lang='lat' dir='ltr'>Ex</span> <span class='ocrx_word' id='word_1_276' title='bbox 204 3187 255 3244; x_wconf 91' lang='lat' dir='ltr'>illo</span> <span class='ocrx_word' id='word_1_277' title='bbox 275 3186 415 3260; x_wconf 92' lang='lat' dir='ltr'>Corydon</span> <span class='ocrx_word' id='word_1_278' title='bbox 435 3151 575 3260; x_wconf 90' lang='lat' dir='ltr'>Corydon</span> <span class='ocrx_word' id='word_1_279' title='bbox 597 3197 641 3244; x_wconf 90' lang='lat' dir='ltr'>est</span> <span class='ocrx_word' id='word_1_280' title='bbox 658 3197 792 3262; x_wconf 89' lang='lat' dir='ltr'>ternpore</span> <span class='ocrx_word' id='word_1_281' title='bbox 810 3191 904 3247; x_wconf 88' lang='lat' dir='ltr'>nobis</span> <span class='ocrx_word' id='word_1_282' title='bbox 1098 3209 1137 3268; x_wconf 81' lang='lat'>70</span> 
     </span>
    </p>
   </div>
   <div class='ocr_carea' id='block_1_3' title="bbox 0 0 1252 3702">
    <p class='ocr_par' dir='ltr' id='par_1_19' title="bbox 0 0 1252 3702">
     <span class='ocr_line' id='line_1_40' title="bbox 0 0 1252 3702; baseline 0 1"><span class='ocrx_word' id='word_1_283' title='bbox 0 0 1252 3702; x_wconf 95' lang='lat' dir='ltr'> </span> 
     </span>
    </p>
   </div>
  </div>
 </body>
</html>
