2494 3702
141 111 196 170 116
399 115 435 171 P.
466 112 655 171 VERGILI
669 113 880 171 MARONIS

142 242 346 318 Silvarumque
369 242 444 302 aliae
468 262 584 318 pressos
606 241 775 319 propaginis
800 262 883 303 arcus

143 325 310 399 Expectant
332 333 362 381 et
386 323 453 382 viva
477 342 530 381 sua
553 322 697 398 plantaria
721 333 814 396 terra3

144 403 194 462 Nil
216 402 322 461 radicis
348 414 435 479 egent
458 403 542 473 aliae,
566 421 773 477 summumque
796 413 915 478 putator

144 485 237 542 Haud
262 482 378 542 dubitat
400 494 493 542 terrae
515 485 642 541 referens
666 483 807 541 mandare
831 501 981 542 cacumen.

144 563 225 638 Quin
250 573 280 622 et
303 561 475 621 caudicibus
500 563 586 622 sectis
611 561 754 635 (mirabile
779 562 873 640 dictu)
1100 583 1140 638 30

142 642 283 702 Truditur
306 662 323 702 e
345 641 424 702 sicco
449 642 532 701 radix
555 643 690 718 oleagina
713 642 801 719 ligno,

144 725 183 782 Et
207 742 295 798 saepe
317 722 435 781 alterius
457 742 554 782 ramos
579 723 699 798 impune
723 721 858 781 videmus

143 806 265 861 Vertere
289 802 319 860 in
342 803 467 875 alteriue,
494 813 696 878 mutatamque
718 802 805 861 insita
827 803 906 861 mala

144 885 231 941 Ferre
252 883 356 958 pirum,
383 895 413 942 et
437 883 538 959 prunis
561 882 696 959 lapidosa
717 884 873 942 rubescere
894 901 991 941 coma.

184 963 284 1037 Quare
305 962 383 1038 agite
405 983 423 1022 0
448 963 583 1040 proprios
605 962 767 1040 generatim
790 962 894 1022 discite
918 965 1013 1022 cultus

144 1042 307 1118 Agricolae,
332 1044 503 1118 fructusque
527 1045 603 1103 feros
625 1042 737 1101 mollite
762 1045 898 1114 colendo,

145 1125 211 1182 Neu
234 1141 338 1198 segnes
362 1122 478 1182 iaceant
502 1133 601 1182 terrae.
645 1124 731 1181 Iuvat
757 1125 870 1182 Ismara
894 1123 1013 1182 Baccho

146 1204 309 1263 Conserere
331 1215 420 1278 atque
442 1205 508 1263 olea
530 1222 670 1278 magnum
694 1202 800 1262 vestire
823 1205 1004 1263 Taburnum.

144 1285 251 1357 Tuque
276 1284 355 1354 ades,
381 1283 591 1358 inceptumque
615 1303 674 1342 una
698 1285 820 1342 decurre
843 1284 982 1352 laborem,

146 1364 174 1423 O
198 1363 298 1436 decus,
326 1383 344 1421 o
369 1364 463 1422 lamae
485 1363 591 1422 merito
613 1383 680 1439 pars
705 1363 832 1421 maxima
856 1373 981 1436 nostrae,
1098 1382 1139 1434 40

123 1445 315 1516 Maecenas,
341 1445 505 1519 pelagoque
527 1445 630 1502 volans
655 1444 694 1502 da
715 1445 782 1502 vela
803 1443 922 1518 patenti.

109 1551 113 1563 ι
147 1525 218 1582 Non
243 1542 298 1599 ego
321 1535 429 1582 cuncta
453 1522 526 1582 meis
550 1523 689 1599 amplecti
713 1523 844 1582 versibus
869 1533 951 1598 opto,

146 1605 226 1674 Non,
251 1603 323 1661 mihi
346 1602 370 1662 si
394 1603 512 1680 linguae
536 1615 655 1662 centum
680 1602 739 1662 sint
761 1622 870 1679 oraque
893 1614 1023 1673 centuni,

146 1684 251 1742 Ferrea
274 1704 349 1757 vox;
377 1685 448 1743 ades
473 1695 502 1742 et
526 1683 612 1760 primi
634 1685 697 1758 lege
722 1683 813 1742 litoris
836 1695 935 1755 oram}

147 1766 183 1822 In
205 1763 343 1823 manibus
366 1774 477 1823 terrae:
505 1783 567 1823 non
589 1763 637 1822 hic
662 1776 691 1823 te
713 1763 843 1822 carmine
865 1765 933 1823 ficto
1098 1781 1136 1839 45

146 1847 244 1919 Atque
268 1862 321 1919 per
344 1846 483 1921 ambages
507 1855 537 1904 et
559 1846 648 1920 longa
673 1863 775 1903 exorsa
797 1847 915 1903 tenebo.

186 1925 298 2000 Sponte
321 1943 375 1982 sua
396 1943 472 1999 quae
495 1943 526 1984 se
550 1926 658 1982 tollunt
682 1923 713 1982 in
735 1923 854 1982 luminis
877 1918 960 1996 oras,'

146 2005 311 2064 Insecunda
333 2003 464 2080 quidem,
487 2005 541 2063 sed
564 2005 641 2063 laeta
665 2016 695 2062 et
716 2003 802 2062 fortia
826 2016 965 2080 surgunt;

147 2084 267 2160 Quippe
288 2086 352 2144 solo
374 2098 476 2144 natura
496 2085 605 2144 subest.
647 2086 763 2143 Tamen
785 2086 859 2154 haec
880 2103 1008 2161 quoque,
1024 2083 1048 2143 si
1069 2084 1139 2160 quis
1175 2097 1179 2102 '

147 2167 261 2224 inserat
283 2176 334 2224 aut
358 2165 510 2225 scrobibus
535 2165 656 2223 mandet
678 2175 791 2222 mutata
812 2165 949 2235 subactis,
1098 2182 1137 2240 50

146 2243 287 2304 Exuerint
311 2245 471 2305 silvestrem
494 2244 634 2314 animum,
660 2246 800 2320 cultuque
822 2245 966 2320 frequenti

146 2325 183 2383 In
204 2344 406 2401 quascumque
427 2327 509 2384 voles
529 2337 605 2384 artes
626 2325 707 2383 haud
731 2324 815 2383 tarda
839 2337 1005 2401 sequentur.

147 2406 295 2463 Necnon
317 2415 347 2464 et
370 2404 474 2463 sterilis
498 2425 573 2480 quae
598 2404 736 2482 stirpibus
760 2405 820 2464 exit
842 2407 880 2464 ab
902 2405 977 2479 imis,

148 2486 219 2543 Hoc
241 2484 336 2555 faciat,
363 2504 471 2544 vacuos
496 2485 520 2543 si
544 2483 581 2544 sit
593 2485 722 2562 „digesta
746 2504 800 2560 per
822 2504 925 2561 agros:
1074 2556 1077 2562 .

147 2565 236 2623 Nunc
260 2566 337 2623 altae
361 2563 481 2624 frondes
504 2576 533 2623 et
554 2565 628 2624 rami
653 2564 752 2623 matris
776 2576 904 2641 opacant
1099 2581 1137 2642 55

146 2643 357 2720 Crescentique
381 2644 517 2703 adimunt
540 2646 616 2704 fetus
640 2656 786 2720 uruntque
810 2646 963 2704 ferentem.

46 2767 49 2773 .
146 2725 220 2795 Iam,
244 2743 321 2800 quae
346 2723 506 2784 seminibus
529 2725 612 2783 iactis
635 2744 667 2783 se
691 2724 808 2784 sustulit
829 2726 922 2798 arbos

135 2803 244 2867 Tarda
265 2804 354 2876 venit,
378 2803 449 2863 seris
472 2806 583 2863 factura
608 2804 766 2879 nepotibus
785 2806 930 2876 umbram,

147 2885 299 2960 Pomaque
321 2885 501 2961 degenerant
526 2903 613 2943 sucos
638 2884 731 2943 oblita
754 2885 874 2960 priores,

146 2965 185 3021 Et
209 2973 308 3039 turpes
331 2965 435 3023 avibus
457 2966 598 3039 praedam
622 2965 678 3022 fert
702 2984 760 3022 uva
781 2983 923 3024 racemos
1099 2969 1138 3024 60

131 3043 262 3102 Scilicet
284 3043 422 3103 omnibus
445 3054 490 3102 est
512 3045 594 3102 labor
616 3043 843 3120 impendendus,
867 3055 896 3104 et
918 3063 1022 3102 omnes

146 3122 306 3195 Cogendae
331 3122 361 3180 in
384 3123 498 3180 sulcum
521 3141 557 3180 ac
578 3124 671 3181 multa
691 3125 827 3182 mercede
849 3124 1026 3183 domandae.

144 3201 204 3258 Sed
229 3201 337 3259 truncis
361 3201 444 3258 oleae
467 3201 580 3270 melius,
604 3201 768 3276 propagine
792 3202 866 3262 vites

145 3279 352 3352 Respondent,
378 3277 473 3337 solido
499 3278 630 3354 Paphiae
655 3281 693 3338 de
718 3284 823 3339 robore
847 3294 976 3357 myrtus,

146 3357 257 3415 Plantis
283 3369 311 3416 et
334 3359 425 3417 durae
448 3358 539 3432 coryli
564 3370 725 3416 naseuntur
748 3371 778 3418 et
800 3360 905 3435 ingens
1099 3369 1134 3442 65
