2462 3678
370 69 612 129 Aruernos
635 70 720 127 rra
756 70 824 127 vri.
1042 72 1096 144 287

90 191 268 252 Advenisse
289 189 377 264 diem,
400 211 459 268 quo
480 189 582 251 debita
603 189 723 251 moenia
741 190 882 251 condant.
1041 209 1095 268 145

89 272 245 333 Certatim
265 271 428 332 instaurant
448 273 558 348 epulas,
579 283 669 348 atque
690 270 789 332 omine
810 291 919 349 magno

89 355 237 414 Crateras
258 351 327 412 laeti
348 363 489 425 statuunt,
512 363 542 412 et
561 351 630 411 vina
650 363 801 412 coronant.

138 435 265 493 Postera
284 452 353 491 cum
373 432 468 509 prima
487 434 630 492 lustrabat
649 433 786 508 lampade
807 443 897 492 terras

91 515 176 573 Orta
196 511 269 588 dies,
291 513 395 572 urbem
416 523 446 572 et
466 515 540 572 fines
560 525 590 572 et
610 512 697 572 litora
716 512 811 589 gentis

90 591 219 653 Diversi
239 595 411 667 exploraut3
432 595 506 652 haec
526 591 617 652 fontis
637 604 742 669 stagna
763 592 890 664 Numicl,
1040 610 1096 669 150

91 675 195 732 Hunc
215 673 359 750 Thybrim
380 673 508 747 fluvium,
531 673 580 732 hic
600 674 689 733 fortes
709 673 843 733 habitare
864 673 994 734 Latinos

89 757 181 812 Turn
203 763 282 812 satus
304 753 435 813 Anchisa
455 754 587 813 delectos
608 754 712 813 ordine
733 754 772 812 ab
792 753 875 813 omni

89 836 233 895 Centum
253 844 382 893 oratores
402 845 526 909 augusta
545 835 584 892 ad
605 832 723 893 moenia
743 832 818 910 regis

71 944 75 950 ·
92 917 151 972 Ire
171 912 261 983 iubet,
284 912 371 973 ramis
390 915 504 973 velatos
526 913 654 974 Palladis
675 932 788 986 omnes,

92 996 252 1068 Donaque
272 994 346 1052 serre
365 993 436 1066 viro,
459 1013 623 1070 pacemque
644 1013 804 1070 exposcere
825 993 954 1054 Teucris.
1041 1010 1094 1070 155

95 1074 198 1132 Haud
219 1093 318 1132 mora:
339 1073 479 1134 festinant
498 1073 577 1146 iussi,
599 1075 768 1151 rapidisque
783 1076 917 1133 teruntur

94 1153 251 1213 Passibus.
295 1157 366 1230 Ipse
387 1154 490 1213 humili
510 1154 645 1230 designat
666 1153 785 1215 moenia
806 1156 892 1225 fossa,

96 1233 286 1310 Moliturque
307 1237 425 1308 locum;
445 1234 613 1311 primasque
634 1235 665 1293 in
685 1234 771 1294 litore
792 1236 886 1306 sedes,

96 1316 275 1375 Castrorum
295 1313 326 1372 in
347 1334 469 1387 morem,
491 1314 588 1391 pinnis
609 1326 698 1390 atque
720 1333 824 1390 aggere
844 1313 942 1392 cingit.

98 1397 230 1470 Iamque
250 1393 305 1454 iter
325 1393 438 1454 emensi
458 1406 550 1455 turres
570 1416 607 1454 ac
627 1406 706 1454 tecta
727 1394 899 1454 Latinorum
1041 1399 1096 1453 160

97 1475 207 1532 Ardua
227 1475 385 1535 cernebant
405 1475 527 1535 iuvenes
548 1495 692 1552 muroque
713 1475 858 1535 subibant

99 1558 185 1614 Ante
206 1556 310 1614 urbem
330 1555 412 1631 pueri
434 1567 463 1614 et
483 1555 634 1631 primaevo
654 1557 725 1615 flore
747 1555 883 1616 iuventus

99 1638 285 1695 Exercentur
305 1635 396 1711 equis,
418 1636 623 1712 domitantque
643 1635 674 1694 in
695 1638 814 1712 pulvere
834 1656 942 1710 currus,

101 1717 166 1774 Aut
186 1734 267 1775 acres
288 1717 415 1776 tendunt
435 1735 527 1788 arcuS,
549 1726 600 1775 aut
621 1718 701 1775 lenta
720 1716 835 1776 lacertis

101 1795 224 1871 Spicula
243 1806 447 1872 contorquent,
469 1816 613 1872 cursuque
633 1795 751 1872 ictuque
772 1798 936 1857 lacessunt:
1041 1799 1094 1872 165

101 1878 183 1936 Cum
204 1886 375 1951 praevectus
395 1895 474 1952 equo
494 1877 628 1952 longaevi
649 1876 723 1952 regis
744 1878 783 1935 ad
803 1896 887 1937 aures

103 1954 234 2014 Nuntius
254 1955 388 2032 ingentes
408 1957 509 2032 ignota
529 1957 559 2016 in
580 1968 661 2017 veste
682 1967 810 2033 reportat

102 2035 269 2096 Advenisse
289 2036 374 2096 viros.
418 2038 473 2096 Ille
493 2037 569 2097 intra
588 2048 668 2096 tecta
687 2035 786 2096 vocari

103 2118 243 2193 Imperat,
265 2127 294 2176 et
315 2117 391 2176 solio
411 2117 525 2176 medius
545 2117 681 2178 consedit
701 2116 787 2176 avito.

103 2199 232 2256 Tectum
251 2207 414 2273 augustum,
431 2197 543 2275 ingenS,
561 2209 682 2257 centum
701 2196 826 2256 sublime
844 2195 996 2270 columnis
1039 2213 1095 2270 170

105 2277 190 2336 Urbe
210 2275 265 2335 suit
285 2296 408 2351 summa,
431 2277 585 2336 Laurentis
605 2277 685 2353 regia
706 2276 777 2350 Pici,

105 2356 296 2416 Horrendum
317 2356 395 2416 silvis
415 2368 445 2418 et
465 2358 605 2434 religione
626 2369 787 2434 parentum.

105 2436 168 2495 Hic
188 2447 303 2512 sceptra
323 2437 455 2513 accipere
476 2448 506 2498 et
526 2437 637 2514 primos
658 2440 790 2498 attollere
811 2438 904 2497 sasces

107 2515 239 2594 Regibus
259 2536 348 2577 omen
369 2529 448 2592 erat3
469 2519 527 2578 hoc
548 2517 604 2577 illis
625 2519 705 2578 curia
724 2519 875 2594 templum,

108 2599 175 2657 Hae
196 2596 285 2656 sacris
306 2600 391 2657 sedes
412 2598 505 2674 epulis
514 2621 523 2673 3
544 2598 593 2657 hic
613 2597 702 2660 ariete
723 2618 811 2659 caeso

107 2675 258 2753 Perpetuis
278 2678 356 2737 soliti
377 2689 474 2754 patres
495 2678 648 2738 considere
669 2678 785 2738 mensis.

108 2757 186 2832 Quin
208 2757 296 2816 etiam
317 2768 449 2818 veterum
469 2758 579 2835 effigies
601 2778 638 2818 ex
658 2759 761 2818 ordine
781 2777 902 2817 avorum

107 2837 236 2913 Antiqua
256 2857 273 2896 e
293 2840 392 2912 cedro,
416 2841 574 2915 Italusque,
596 2849 737 2914 paterque
758 2837 885 2898 Sabinus

107 2916 253 2991 Vitisator,
275 2937 394 2978 curvam
416 2938 534 2979 servans
554 2921 611 2978 sub
631 2917 759 2993 imagine
778 2918 892 2992 falcem,

108 3000 302 3074 Saturnusque
323 3018 422 3071 senex,
445 2999 569 3075 Ianique
590 2996 724 3058 bifrontis
744 2996 851 3073 imago,

10 3091 12 3096 ’
108 3077 260 3138 Vestibulo
280 3080 446 3152 adstabant,
468 3079 577 3155 aliique
597 3078 635 3139 ab
656 3076 767 3154 origine
787 3096 880 3154 reges,

110 3157 273 3234 Martiaque
293 3159 333 3219 ob
353 3159 477 3235 patriam
497 3160 658 3236 pugnando
678 3160 798 3219 volnera
817 3157 903 3235 passi

110 3241 262 3314 Multaque
281 3251 432 3315 praeterea
451 3240 540 3298 sacris
560 3241 591 3298 in
611 3239 745 3315 postibus
765 3258 854 3312 arma,

112 3318 224 3397 Captivi
243 3320 376 3394 pendent
397 3338 505 3391 currus,
526 3337 690 3395 curvaeque
710 3337 837 3389 secures,
