2462 3678
154 31 212 103 278
412 27 446 84 1².
481 25 673 84 aarum
694 26 906 84 MARONJS

154 146 377 222 Lethaeamque
398 145 504 205 domos
524 142 655 221 placidas
676 141 727 220 qui
743 151 900 219 praenatat
921 161 1058 200 amnem
1113 159 1157 215 705

155 228 248 285 Hunc
269 225 380 285 circum
401 224 571 285 innumerae
592 234 695 302 gentes
715 223 878 300 populique
898 223 1052 282 volabant
1057 241 1066 293 3

153 308 199 364 Ac
219 307 298 366 velut
318 305 350 364 in
371 305 461 382 pratis
481 305 533 365 ubi
553 324 624 382 apes
644 314 754 364 aestate
775 323 878 364 serena

154 385 288 446 Floribus
309 385 439 446 insidunt
460 384 555 456 variis,
577 395 607 445 et
627 384 755 444 candida
775 384 887 442 circum

154 465 229 526 Lilia
248 467 428 539 sunduntur;
450 465 552 542 strepit
572 465 670 525 omnis
691 484 839 524 murmure
860 483 995 540 campus.

155 545 310 606 Horrescit
329 546 393 606 visu
414 546 511 606 subito
533 565 695 622 causasque
715 545 836 621 requirit
1110 563 1158 618 710

155 625 270 686 Inscius
290 629 417 698 Aeneas,
439 645 515 702 quae
537 625 594 686 sint
614 645 651 686 ea
670 624 793 684 flumina
812 644 909 701 porro,

154 706 251 781 Quive
271 705 324 766 viri
344 717 427 767 tanto
448 706 623 782 complerint
644 706 762 782 agmine
782 705 868 781 ripas.

153 789 232 845 Tum
253 797 335 863 pater
355 786 519 848 Anchises:
541 786 692 858 ‘Animae
715 785 823 862 quibus
843 787 935 845 altera
955 787 1023 846 fato

155 869 305 943 ‘Corpora
325 868 478 941 debentur,
501 865 624 926 Lethaei
644 867 684 926 ad
704 865 833 925 fluminis
852 866 968 925 undam

155 949 295 1008 ‘Securos
315 947 415 1007 latices
436 957 466 1007 et
486 948 575 1024 longa
595 946 703 1006 oblivia
722 956 834 1023 potant
1107 965 1153 1021 715

155 1031 238 1088 ‘Has
259 1027 398 1104 equidem
418 1047 582 1088 memorare
603 1026 657 1086 tibi
677 1038 767 1103 atque
788 1027 945 1086 ostendere
966 1047 1076 1086 coram

155 1107 354 1185 ‘Iampridem
374 1109 452 1166 hanc
471 1109 586 1184 prolem
606 1107 694 1184 cupio
715 1127 887 1168 enumerare
907 1125 1071 1167 meorum:

156 1190 240 1264 ‘Quo
261 1189 354 1265 magis
376 1188 462 1247 Italia
482 1207 601 1248 mecum
621 1190 728 1248 laetere
749 1189 881 1264 reperta'

155 1270 199 1330 ‘O
220 1280 310 1345 pater,
324 1288 402 1328 anne
422 1268 534 1345 aliquas
554 1269 594 1328 ad
614 1270 729 1329 caelum
748 1269 820 1328 hinc
839 1269 881 1328 ire
901 1269 1077 1344 putandum
1099 1281 1138 1328 cst

155 1348 317 1410 ‘Sublimes
337 1348 458 1422 animas,
478 1349 645 1426 iterumque
665 1349 697 1408 in
717 1351 800 1408 tarda
820 1349 925 1410 reverti
1103 1367 1152 1423 7²0

155 1431 322 1506 ‘Corporai
363 1431 448 1504 Quae
469 1429 542 1488 lucis
564 1429 677 1489 miseris
697 1440 759 1489 tam
780 1429 843 1489 dira
863 1428 1004 1506 cupido?’

155 1509 279 1568 ‘Dicam
300 1508 447 1586 equidem,
469 1529 525 1569 nec
546 1520 576 1569 te
597 1530 781 1586 suspensum,
802 1520 879 1582 nate,
901 1511 1013 1570 tenebo
1018 1511 1047 1582 5'

153 1589 279 1667 Suscipit
299 1589 453 1661 Anchises,
474 1601 562 1666 atque
583 1591 686 1650 ordine
708 1592 822 1666 singula
842 1590 952 1667 pandit

195 1669 360 1746 ‘Principio
381 1672 495 1730 caelum
516 1690 552 1730 ac
572 1681 662 1730 terras
683 1670 1036 1748 camposque-liquentes

154 1753 393 1827 ‘Lucentemque
413 1752 535 1828 globum
556 1753 659 1812 Lunae
679 1751 856 1827 Titaniaque
876 1761 953 1811 astra
1094 1769 1144 1828 725

155 1831 291 1907 ‘Spiritus
311 1830 390 1890 intus
410 1831 470 1890 alit:
491 1841 644 1908 totamque
665 1832 761 1890 infusa
779 1851 832 1908 per
852 1841 930 1890 artus
1195 1845 1196 1850 ’

154 1914 262 1971 ‘Mens
282 1911 371 1988 agitat
392 1913 510 1984 molem,
531 1923 560 1971 et
581 1931 689 1987 magno
711 1931 742 1971 se
763 1931 886 1988 corpore
906 1909 1018 1972 miscet.

154 1993 246 2052 ‘Inde
268 1991 422 2051 hominum
443 1993 652 2068 pecudumque
672 2011 766 2067 genus
786 1992 922 2068 vitaeque
942 1994 1096 2052 volantum

154 2075 209 2132 ‘Et
230 2092 306 2149 quae
327 2091 492 2132 marmoreo
512 2073 567 2132 fert
588 2083 719 2132 monstra
739 2073 794 2132 sub
815 2091 942 2149 aequore
962 2084 1082 2149 pontus.

154 2155 280 2229 ‘Igneus
301 2162 345 2212 est
366 2152 432 2212 ollis
451 2152 534 2230 vigor
554 2163 583 2213 et
604 2152 738 2212 caelestis
758 2153 841 2229 origo
1092 2171 1142 2229 73⁰
1195 2207 1196 2230 χ

154 2231 345 2305 ‘Seminibus
368 2244 512 2308 quantum
532 2253 594 2293 non
616 2233 704 2293 noxia
724 2252 849 2311 corpora
868 2234 986 2294 tardant
1195 2233 1196 2308 Ϊ

154 2313 351 2389 ‘Terrenique
372 2314 512 2373 hebetant
533 2325 611 2373 artus
632 2313 866 2390 moribundaque
886 2317 1026 2374 membra
1195 2311 1196 2372 l

154 2392 253 2451 ‘Hinc
267 2403 403 2453 metuunt
417 2394 607 2470 cupiuntque,
623 2396 724 2454 dolent
738 2395 936 2472 gaudentque,
952 2414 1050 2470 neque
1063 2415 1138 2455 auras

154 2471 338 2549 ‘Dispiciunt
357 2475 473 2533 clausae
494 2474 622 2534 tenebris
642 2485 672 2534 et
693 2495 808 2535 carcere
829 2493 927 2535 caeco,
1195 2537 1196 2540 ,

153 2553 249 2629 ‘Quin
270 2563 300 2613 et
320 2573 459 2630 supremo
481 2573 550 2614 cum
571 2554 681 2615 lumine
701 2555 761 2615 vita
781 2554 906 2632 reliquit,
1087 2573 1135 2633 735
1195 2601 1196 2628 p

153 2637 242 2694 ‘Non
263 2644 362 2694 tamen
383 2653 473 2694 omne
493 2636 605 2693 malum
625 2635 737 2695 miseris
758 2655 814 2696 nec
833 2635 964 2695 funditus
985 2655 1083 2696 omnes

153 2717 339 2792 ‘Corporeae
360 2715 507 2774 excedunt
527 2727 633 2791 pestes,
655 2715 830 2792 penitusque
851 2734 972 2776 necesse
992 2727 1034 2775 est

153 2797 267 2854 ‘Multa
287 2795 339 2854 diu
360 2805 498 2855 concreta
519 2795 616 2855 modis
636 2795 798 2856 inolescere
819 2795 907 2856 miris.

152 2877 248 2951 ‘Ergo
269 2885 441 2935 exercentur
461 2875 573 2951 poenis,
595 2886 788 2952 veterumque
809 2877 953 2936 malorum

153 2954 320 3030 ‘Supplicia
340 2957 518 3031 expendunt
561 2954 645 3015 Aliae
666 2958 835 3032 panduntur
855 2957 957 3016 inanes
1082 2973 1131 3030 740

152 3035 333 3106 ‘Suspensae
354 3035 392 3090 ad
413 3043 530 3105 ventos3
558 3035 621 3093 aliis
642 3037 698 3094 sub
718 3036 832 3112 gurgite
852 3046 935 3095 vasto

153 3111 318 3166 ‘Insectum
339 3109 444 3166 eluitur
465 3113 568 3183 scelus,
592 3124 643 3172 aut
665 3115 793 3173 exuritur
810 3114 878 3190 igni.

153 3187 303 3272 ‘Quisque
326 3187 544 3272 suos-patimur
567 3193 673 3251 Manes
683 3193 840 3266 ;—exinde
861 3214 915 3270 per
935 3198 1059 3272 amplum

153 3265 314 3320 ‘Mrttrrnur
333 3263 474 3336 Elysium,
497 3275 526 3322 et
548 3269 635 3340 pauci
653 3273 731 3330 laeta
752 3291 821 3332 arva
840 3284 975 3334 tenemus
987 3294 1030 3332 :-
