2462 3678
401 72 639 133 AENEIDOS
654 75 740 133 LIB.
761 75 819 132 IX.

78 198 279 274 ‘Apparet
300 208 330 259 et
350 217 466 258 mecum
488 198 598 258 invadit
618 198 794 274 trepidantia
814 201 930 258 castra?

78 277 208 336 ‘Non
230 276 318 337 armis
338 277 411 337 mihi
431 277 566 350 Volcani,
588 297 649 337 non
670 278 750 338 mille
770 278 876 350 carinis

77 357 189 416 ‘Est
212 377 288 434 opus
309 357 339 416 in
360 361 510 418 Teucros·
537 359 648 418 addant
669 377 701 418 se
721 358 855 435 protinus
876 377 980 418 omnes

78 437 255 496 ‘Etrusci
275 437 388 497 socios:
416 440 552 497 tenebras
573 448 602 497 et
622 437 727 497 inertia
745 439 821 497 furta
1056 456 1111 516 150

79 513 277 625 ‘[Palladii
297 516 390 576 caesis
411 537 543 576 summae
563 517 736 576 custodibus
756 516 846 608 arcis]

81 597 184 656 ‘Ne
206 597 340 669 timeant,
361 616 417 657 nec
437 597 507 673 equi
526 616 616 656 caeca
635 590 826 657 condemur
818 617 850 656 m
870 599 954 658 alvo
1022 663 1025 672 ,

85 677 219 735 ‘Luce
239 643 340 752 palaui
358 687 470 736 certum
491 687 535 736 est
555 675 615 753 igni
635 677 815 737 circumdare
835 696 940 736 muros.
1086 743 1090 754 ⁸

87 757 232 814 ‘Haud
253 755 308 815 sibi
328 775 396 814 cum
417 755 530 815 Danais
550 776 612 816 rem
632 758 700 814 faxo
721 769 750 817 et
771 758 851 832 pube
871 758 994 834 Pelasga

89 837 211 896 ‘Esse
225 837 328 908 ferant,
343 837 501 895 decumum
515 855 590 912 quos
605 835 715 897 distulit
731 839 846 896 Hector
858 836 889 896 in
902 857 1021 897 annum.
1047 855 1079 913 15
1084 855 1108 913 5.

93 917 229 973 ‘Nunc
249 917 335 987 adeo,
357 915 461 976 melior
480 915 621 990 quoniam
641 935 708 992 pars
728 928 795 976 acta
815 916 882 989 diei,

94 995 231 1069 ‘Quod
250 1007 390 1071 superest,
412 995 480 1055 laeti
502 997 578 1055 bene
598 995 686 1072 gestis
707 1015 831 1072 corpora
851 998 938 1056 rebus

96 1075 303 1147 ‘Procurate
325 1074 386 1144 viri,
407 1087 436 1135 et
457 1094 585 1151 pugnam
607 1088 721 1150 sperate
742 1076 853 1151 parari.'

98 1157 237 1214 Interea
257 1154 376 1230 vigilum
398 1155 528 1215 excubiis
548 1154 684 1215 obsidere
704 1166 803 1231 portas

21 1293 27 1297 .
101 1236 200 1294 Cura
219 1235 304 1293 datur
324 1237 465 1310 Messapo
486 1245 515 1294 et
536 1235 654 1294 moenia
673 1234 790 1310 cingere
810 1234 954 1310 flammis;
1051 1238 1106 1294 160

104 1315 171 1372 Bis
191 1326 305 1390 septem
326 1315 437 1386 Rutuli,
459 1333 558 1374 muros
580 1313 630 1390 qui
651 1314 744 1374 milite
764 1326 888 1389 servent,

107 1395 253 1467 Delecti;
281 1405 326 1453 ast
346 1393 411 1453 illos
433 1393 550 1453 centeni
570 1413 720 1469 quemque
741 1405 910 1470 sequuntur,

107 1474 261 1550 Purpurei
282 1473 374 1533 cristis
395 1474 516 1533 iuvenes
536 1493 667 1550 auroque
687 1473 807 1533 corusci.

108 1553 293 1613 Discurrunt
313 1553 484 1630 variantque
505 1553 583 1612 vices
603 1554 725 1630 fusique
738 1573 791 1630 per
811 1556 933 1616 herbam

110 1634 278 1709 Indulgent
298 1633 375 1702 vino,
397 1645 427 1694 et
446 1644 563 1693 vertunt
583 1645 707 1695 crateras
727 1638 849 1708 alinea,
891 1701 897 1710 ‚
928 1701 930 1706 ¹
960 1701 963 1708 ¹
1008 1700 1012 1708 Α
1050 1639 1102 1712 165

112 1714 285 1772 Conlucent
304 1712 404 1788 ignes3
432 1723 550 1774 noctem
571 1714 704 1774 custodia
725 1715 807 1774 ducit
884 1753 886 1757 ,

112 1794 291 1852 Insomnem
311 1793 390 1852 lude.

158 1874 246 1931 Haec
266 1891 352 1948 super
372 1892 389 1932 e
409 1874 487 1932 vallo
507 1883 698 1950 prospectant
717 1875 818 1944 Troes,
840 1883 870 1933 et
890 1875 977 1934 armis

112 1953 188 2012 Alta
209 1963 328 2025 tenent;
355 1971 411 2012 nec
431 1971 492 2012 non
512 1951 619 2029 trepidi
639 1951 796 2012 formidine
816 1964 915 2028 portas

112 2033 288 2107 Explorant,
309 2042 473 2108 pontesque
493 2042 524 2092 et
543 2033 767 2108 propugnacula
786 2031 918 2106 iungunt,
1047 2047 1102 2108 170

112 2113 192 2171 Tela
210 2121 321 2187 gerunt.
365 2114 460 2171 Instat
481 2113 657 2172 Mnestheus
678 2130 804 2186 acerque
825 2113 964 2185 Serestus,

114 2193 203 2266 Quos
222 2200 305 2267 pater
324 2193 450 2263 Aeneas,
471 2191 495 2251 si
516 2193 636 2268 quando
656 2193 779 2250 adversa
797 2203 945 2264 vocarent,

115 2275 261 2332 Rectores
281 2270 422 2331 iuvenum
443 2283 472 2330 et
492 2291 589 2330 rerum
610 2270 691 2332 dedit
712 2291 776 2330 esse
797 2271 957 2348 magistros.

115 2351 224 2412 Omnis
246 2370 296 2426 per
316 2369 414 2410 muros
435 2351 520 2426 legi0,
542 2351 644 2411 sortita
663 2351 814 2428 periclum,

116 2432 253 2490 Excubat
272 2441 445 2506 exercetque
465 2430 552 2502 vices,
573 2433 656 2507 quod
676 2431 782 2507 cuique
801 2432 945 2491 tuendum
966 2443 1017 2492 est.
1047 2450 1100 2510 175

159 2510 247 2568 Nisus
268 2520 328 2568 erat
349 2521 452 2586 portae
472 2520 579 2582 custos,
600 2511 757 2572 acerrimus
778 2510 875 2582 annis,

117 2589 303 2665 Hyrtacides,
327 2589 466 2650 comitem
487 2592 607 2650 Aeneae
628 2609 724 2667 quem¹
737 2591 854 2649 miserat
877 2591 932 2650 Ida

115 2669 265 2741 Venatrix,
286 2668 382 2728 iaculo
403 2671 529 2728 celerem
549 2671 721 2746 levibusque
742 2669 871 2744 sagittis,

118 2752 157 2807 Et
177 2748 257 2808 iuxta
278 2768 376 2808 comes
399 2751 547 2826 Euryalus,
571 2769 632 2824 quo
651 2749 800 2824 pulchrior
819 2750 892 2807 alter

117 2831 189 2887 Non
209 2827 263 2886 suit
282 2829 456 2888 Aeneadum
476 2829 605 2889 Troiana
624 2847 722 2904 neque
742 2827 838 2886 induit
858 2847 948 2900 arma,
1046 2831 1100 2886 180

117 2910 178 2969 Ora
198 2926 270 2983 puer
289 2907 384 2984 prima
403 2907 519 2984 signans
539 2907 656 2968 intonsa
675 2907 802 2966 iuventa.

42 3023 45 3026 -
118 2987 177 3046 His
197 3007 280 3046 amor
300 3006 376 3046 unus
397 3001 466 3061 erat,
488 2989 653 3064 pariterque
671 2986 703 3046 in
723 2987 802 3047 bella
821 2987 962 3047 ruebant:

116 3069 197 3126 Tum
217 3085 334 3142 quoque
355 3067 506 3127 communi
525 3078 640 3143 portam
661 3066 787 3127 statione
807 3067 954 3126 tenebant.

118 3147 208 3206 Nisus
228 3145 282 3206 ait:
310 3147 407 3207 ‘Dine
427 3149 506 3206 hunc
526 3147 660 3206 ardorem
681 3145 829 3206 mentibus
849 3147 970 3221 addunt,

118 3233 126 3262 ‘
137 3228 269 3304 Euryale,
290 3244 329 3284 an
349 3245 402 3284 sua
421 3226 526 3303 cuique
547 3228 619 3285 deus
640 3229 673 3286 fit
691 3226 755 3285 dira
774 3226 906 3302 cupido?
1046 3228 1098 3299 185

120 3311 196 3366 ‘Aut
216 3325 346 3382 pugnam
367 3316 417 3364 aut
437 3306 546 3382 aliquid
567 3306 741 3366 iamdudum
761 3306 898 3366 invadere
919 3324 1056 3382 magnum
