2460 3686
125 71 180 133 25²
373 54 409 112 P.
446 51 638 112 VERGILI
659 52 871 112 MARONIS

123 181 163 240 Et
187 197 267 239 nunc
288 191 370 256 terga
393 180 461 256 Iuga
482 181 605 251 nudant,
629 199 710 238 nunc
734 177 847 255 spicula
868 189 993 238 vertunt

123 259 246 333 Insensi,
268 260 346 319 lacta
367 259 475 336 pariter
496 279 576 320 nunc
598 279 672 336 pace
696 261 834 319 seruntur.

123 342 167 401 Ut
189 340 341 417 quondam
366 342 455 402 Creta
475 341 565 400 fertur
589 339 785 416 Labyrinthus
806 339 838 398 in
861 341 921 398 alta

124 419 287 482 Parietibus
309 431 422 480 textum
447 419 543 480 caecis
565 419 630 495 iter,
652 420 873 497 ancipitemque

124 501 209 561 Mille
232 500 287 559 viis
309 500 445 560 habuisse
470 502 581 574 dolum,
607 519 667 578 qua
688 500 772 576 signa
792 497 937 577 sequendi
1075 517 1139 578 590

124 583 249 642 Falleret
272 581 468 656 indeprensus
489 591 520 640 et
543 580 741 640 inremeabilis
767 599 864 640 error:

126 661 219 720 Haud
243 662 302 722 alio
324 663 470 720 Teucrum
496 660 557 720 nati
580 661 703 738 vestigia
724 680 811 720 cursu

125 741 305 817 Impediunt,
329 751 489 815 texuntque
511 742 593 818 fugas
617 752 647 801 et
672 741 785 817 proelia
806 740 895 812 ludo;

125 821 309 898 Delphinum
334 821 452 894 similes,
477 821 528 897 qui
551 841 604 898 per
625 821 862 880 mariahumida
884 821 989 880 nando

126 901 319 978 Carpathium
345 902 549 978 Libycumque
571 913 672 962 secant
696 903 863 977 luduntque
884 919 936 977 per
960 901 1078 962 undas

125 983 217 1040 Hunc
241 1001 355 1042 morem
378 1001 480 1041 cursus
501 993 591 1058 atque
612 984 688 1042 haec
710 981 871 1042 certamina
891 980 1005 1057 primus
1076 988 1140 1060 596

124 1061 277 1134 Ascanius,
302 1063 437 1138 Longam
459 1062 549 1122 muris
570 1082 638 1122 cum
657 1061 787 1139 cingeret
812 1064 927 1133 Albam,

126 1142 260 1214 Rettulit,
287 1154 316 1202 et
340 1143 450 1218 priseos
474 1143 577 1202 docuit
600 1144 749 1203 celebrare
771 1142 901 1212 latinos,

126 1224 196 1298 Quo
218 1241 291 1298 puer
314 1221 377 1299 ipse
399 1224 499 1295 mod0,
524 1242 625 1283 secum
648 1242 708 1299 quo
730 1223 821 1283 Troia
845 1225 958 1299 pubes3

126 1302 234 1362 Albani
256 1304 384 1362 docuere
407 1321 477 1362 suos
488 1325 496 1376 ;
524 1303 594 1362 hinc
616 1304 743 1363 maxima
764 1323 852 1381 porro
1077 1309 1142 1366 600

125 1383 250 1459 Accepit
272 1386 379 1454 Roma,
403 1394 432 1443 et
453 1383 580 1460 patrium
603 1383 728 1444 servavit
748 1385 916 1454 honorem;

125 1462 276 1538 Troiaque
298 1482 379 1522 nunc
400 1465 492 1540 pueri,
516 1463 678 1524 Troianum
704 1464 809 1524 dicitur
830 1482 944 1540 agmen.

127 1546 195 1603 Hac
219 1544 365 1605 celebrata
385 1555 472 1603 tenus
494 1556 597 1604 sancto
619 1544 779 1606 certamina
802 1544 883 1622 patri

167 1625 229 1684 I-Iic
249 1624 376 1700 primum
397 1625 514 1684 fortuna
537 1625 627 1684 tidem
651 1635 766 1684 mutata
786 1623 912 1685 novavit

126 1706 208 1764 Dum
231 1704 317 1764 variis
341 1705 456 1764 tumulo
476 1705 605 1764 referunt
628 1705 783 1765 sollemnia
803 1705 900 1778 ludis;
1076 1712 1139 1787 605

127 1784 198 1844 Irim
223 1786 261 1845 de
283 1786 367 1844 caelo
389 1784 468 1844 misit
492 1785 627 1846 Saturnia
652 1788 729 1846 Iuno

127 1865 248 1925 Iliacam
270 1866 307 1924 ad
333 1866 467 1939 classem,
490 1876 655 1942 ventosque
678 1865 810 1943 adspirat
835 1865 924 1937 eunti,

127 1948 225 2006 Multa
245 1965 377 2016 movens,
401 1947 531 2006 necdum
552 1948 707 2023 antiquum
731 1959 860 2006 saturata
881 1947 1026 2007 dolorem.

127 2028 192 2098 Illa,
215 2026 292 2087 viam
315 2028 446 2086 celerans
468 2046 521 2103 per
541 2026 622 2085 mille
644 2027 791 2086 coloribus
813 2046 921 2098 arcum,

126 2106 209 2167 Nulli
232 2107 294 2166 visa
318 2106 378 2166 cito
402 2107 529 2166 decurrit
553 2107 669 2166 tramite
691 2106 789 2184 virgo:
1073 2113 1139 2170 610

126 2187 281 2264 Conspicit
302 2188 453 2264 ingentem
477 2207 663 2259 concursum,
687 2198 717 2247 et
740 2187 825 2247 litora
846 2189 959 2260 lustrat,

127 2271 327 2343 Desertosque
348 2267 429 2328 videt
452 2279 554 2344 portus
576 2270 758 2343 classemque
779 2267 917 2328 relictam

125 2351 166 2409 At
188 2349 291 2424 procul
315 2347 346 2406 in
369 2350 433 2408 sola
455 2359 586 2408 secretae
607 2349 742 2408 Troades
760 2359 826 2407 acta

125 2428 277 2488 Amissum
300 2427 452 2488 Anchisen
475 2429 594 2502 flebant,
619 2440 803 2504 cunctaeque
823 2429 1005 2505 profundum

126 2512 256 2570 Pontum
278 2509 493 2584 adspectabant
513 2510 635 2570 flentes:
663 2511 761 2582 ‘Heu,
782 2520 825 2568 tot
846 2510 924 2568 vada
943 2510 1038 2584 fessis,
1071 2517 1135 2593 615

127 2593 184 2650 ‘Et
208 2599 323 2648 tantum
349 2607 503 2667 superesse
524 2589 646 2650 marisl'
675 2609 734 2649 vox
757 2589 896 2649 omnibus
920 2608 988 2648 una.

126 2672 240 2731 Urbem
262 2680 366 2744 orant;
394 2670 493 2730 taedet
514 2669 611 2746 pelagi
635 2671 761 2747 perferre
784 2670 924 2730 laborem.

125 2755 205 2828 Ergo
226 2749 303 2810 inter
326 2749 438 2810 medias
462 2769 527 2810 sese
551 2750 632 2809 haud
653 2749 754 2826 ignara
775 2749 905 2810 nocendi

126 2830 252 2904 Conicit‚
278 2841 308 2891 et
329 2831 494 2907 faciemque
517 2831 592 2890 deae
615 2843 787 2906 vestemque
810 2830 948 2906 reponit:

126 2912 174 2973 Fit
197 2914 299 2981 Beroe,
323 2909 435 2969 Tmarii
458 2909 587 2970 coniunx
609 2912 754 2987 longaeva
778 2911 909 2988 Dorycli,
1067 2919 1132 2976 620

126 2991 184 3053 Cui
208 3010 300 3066 genus
325 3001 355 3049 et
379 2992 531 3065 quondam
554 3009 664 3050 nomen
689 2990 810 3067 natique
834 2991 977 3066 luissent;

124 3076 172 3133 Ac
192 3070 235 3130 sic
257 3070 462 3129 Dardanidum
484 3069 613 3130 mediam
636 3089 669 3131 se
691 3071 831 3131 matribus
855 3071 960 3131 infert:

127 3153 171 3213 ‘O
194 3150 326 3220 miserae,
350 3167 423 3225 quas
447 3169 508 3208 non
533 3153 658 3222 manus)
680 3150 784 3227 inquit,
809 3151 958 3211 ‘Achaica
980 3155 1064 3215 bello

126 3228 276 3288 ‘Traxerit
297 3229 336 3286 ad
360 3231 451 3286 letum
476 3229 588 3302 patriae
610 3231 667 3288 sub
688 3230 863 3292 moenibus!
892 3250 911 3290 ο
934 3251 1009 3308 gens

128 3306 269 3366 ‘Infelixl
298 3304 346 3362 cui
369 3315 400 3364 te
421 3304 510 3364 exitio
536 3307 666 3365 Fortuna
688 3313 838 3368 reservat?
1063 3318 1124 3394 ⁶²5
