2462 3678
344 123 584 184 Aruernos
609 125 693 185 rra.
727 127 793 185 mr.
1011 148 1065 206 291

37 251 248 309 ‘Inmanem
269 249 430 326 Lapithum
451 250 560 326 valuit,
589 251 737 312 concessit
758 253 789 311 in
809 252 867 313 iras
1009 273 1065 334 305

38 332 157 406 ‘Ipse
180 330 272 389 deum
292 330 444 406 antiquam
465 330 581 407 genitor
601 332 758 408 Calydona
779 333 916 407 Dianae;

39 411 180 486 ‘Quod
205 412 300 550 scelqs
321 419 374 469 aut
394 409 535 486 Lapithas
553 421 678 484 tantum,
700 425 752 472 aut
773 414 928 490 Calydona
948 433 1008 476 me

145 500 264 549 rentem

41 573 138 629 ‘Ast
160 589 228 647 ego,
250 589 358 646 magna
378 569 458 630 Iovis
479 570 616 642 coniunx,
639 570 680 630 nil
700 571 833 648 linquere
853 571 989 635 inausum

43 652 174 725 ‘Quae
195 649 280 727 potui
300 648 410 723 infelix,
432 669 508 727 quae
528 661 639 711 memet
658 650 688 710 in
710 653 811 712 omnia
830 653 912 727 verti,

47 729 202 790 ‘Vincor
221 732 260 790 ab
281 733 392 790 Aenea.
435 731 527 805 Quod
548 730 573 789 si
593 751 661 790 mea
681 732 803 792 numina
823 752 885 792 non
906 746 973 794 sunt
1005 755 1065 810 310

48 812 203 886 ‘Magna
223 810 299 884 satis,
322 809 456 870 dubitem
476 811 558 871 haud
578 811 717 887 equidem
738 811 884 888 inplorare
905 815 986 890 quod

148 909 276 966 nsquam
297 901 349 950 est.

52 971 224 1030 ‘Flectere
244 970 269 1030 si
289 989 407 1046 nequeo
428 973 564 1046 Superos,
587 971 757 1031 Acheronta
778 974 916 1033 movebo.

53 1052 161 1109 ‘Non
183 1049 300 1110 dabitur
319 1051 424 1127 regnis,
446 1062 518 1122 esto,
540 1051 697 1127 prohibere
719 1051 840 1126 Latinis,

55 1133 189 1206 ‘Atque
210 1130 324 1190 inmota
343 1141 444 1190 manet
464 1131 531 1190 fatis
553 1130 676 1189 Lavinia
696 1131 844 1190 coniunx:

56 1214 126 1270 ‘At
149 1211 272 1284 trahere,
298 1221 388 1286 atque
407 1230 505 1270 moras
522 1210 610 1270 tantis
629 1210 699 1270 licet
719 1213 829 1271 addere
849 1215 954 1274 rebus.
1004 1233 1061 1292 315

58 1293 126 1351 ‘At
150 1291 219 1350 licet
235 1292 390 1350 amborum
410 1291 538 1366 populos
562 1289 734 1350 exscindere
752 1311 861 1368 regum

59 1373 159 1430 ‘Hac
182 1390 272 1448 gener
294 1382 384 1447 atque
407 1389 491 1430 socer
512 1382 620 1430 coeant
643 1373 780 1430 mercede
804 1391 931 1432 suorum

61 1450 237 1527 ‘Sanguine
257 1451 389 1510 Troiano
405 1461 443 1519 ¹et
468 1452 581 1510 Rutulo
606 1451 755 1522 domuere,
779 1450 868 1529 virgo,

62 1534 129 1590 ‘Et
150 1533 273 1590 Bellona
294 1542 394 1592 manet
416 1541 446 1591 te
470 1533 612 1607 pronuba.
649 1533 715 1591 Nee
736 1534 800 1591 face
820 1543 935 1593 tantum

64 1610 199 1672 ‘Cisseis
218 1631 381 1688 praegnans
402 1611 486 1688 ignes
506 1611 592 1670 enixa
612 1610 723 1687 iugales
734 1633 743 1684 ;
1002 1633 1060 1689 3²0

65 1691 171 1766 ‘Quin
191 1690 272 1751 idem
294 1691 402 1751 Veneri
422 1702 521 1768 partus
543 1711 619 1763 suuS,
641 1695 672 1750 et
693 1691 773 1752 Paris
794 1694 874 1765 alter,

66 1775 294 1848 ‘Funestaeqne
315 1771 419 1832 iterum
441 1770 570 1831 recidiva
589 1770 621 1829 in
642 1773 784 1848 Pergama
805 1772 928 1832 taedae!

111 1854 198 1912 Haec
218 1851 270 1912 ubi
290 1851 370 1912 dicta
391 1851 483 1922 dedit,
505 1862 595 1912 terras
615 1851 762 1911 horrenda
782 1853 884 1928 petivit
893 1876 902 1928 5

67 1932 245 1992 Luctificam
265 1934 382 1992 Allecto
405 1931 542 1990 Dirarum
563 1932 600 1991 ab
621 1933 693 1991 sede
713 1934 835 1992 dearum

69 2011 257 2088 Insemisque
277 2012 335 2071 ciet
355 2011 492 2082 tenebris,
514 2011 562 2070 cui
582 2011 675 2071 tristia
694 2013 772 2070 bella
1003 2031 1059 2091 325

69 2095 196 2168 Iraeque
216 2092 399 2168 insidiaeque
421 2102 450 2151 et
471 2091 594 2150 crimina
614 2091 701 2150 noxia
721 2092 812 2152 cordi.

71 2172 146 2234 Odit
165 2183 195 2233 et
215 2172 277 2249 ipse
298 2183 382 2249 pater
403 2174 520 2244 Pluton,
544 2172 634 2232 odere
655 2191 768 2231 sorores

71 2256 227 2312 Tartareae
247 2262 412 2312 monstrum
425 2274 440 2324 τΙ
467 2262 511 2311 tot
532 2271 596 2312 sese
616 2251 702 2310 vertit
722 2251 753 2310 in
774 2271 834 2324 ora,

71 2335 148 2392 Tam
167 2353 271 2393 saevae
291 2331 388 2404 facies,
410 2341 454 2391 tot
473 2333 597 2408 pullulat
616 2342 679 2390 atra
698 2332 833 2391 colubris.

74 2414 171 2487 Quam
192 2416 269 2473 Iuno
290 2412 336 2472 his
356 2411 435 2471 acuit
455 2412 559 2484 verbiS,
581 2431 616 2470 ac
635 2411 706 2470 talia
725 2415 818 2471 fatur:
1002 2430 1061 2488 33ο

76 2496 183 2552 ‘Hunc
203 2493 275 2552 mihi
296 2495 336 2552 da
354 2491 514 2569 proprium,
537 2491 619 2568 virgo
640 2503 702 2550 sata
723 2495 829 2564 Nocte,
851 2493 992 2565 laborem,

78 2575 181 2632 ‘Hane
201 2593 330 2650 operam,
351 2593 390 2632 ne
411 2583 511 2633 noster
530 2574 626 2632 honos
647 2571 804 2632 infractave
824 2573 912 2632 cedat

78 2656 183 2713 ‘Fama
202 2655 278 2728 loco,
299 2674 358 2715 neu
380 2653 515 2713 conubiis
536 2653 647 2712 ambire
669 2651 807 2710 Latinum

79 2735 248 2794 ‘Aeneadae
268 2734 390 2811 possint,
413 2735 541 2793 Italosve
561 2731 698 2792 obsidere
718 2733 800 2790 fines.

79 2815 141 2873 ‘Tu
159 2825 243 2890 potes
262 2813 418 2873 unanimos
439 2833 550 2872 armare
571 2812 601 2870 in
623 2810 733 2887 proelia
753 2812 861 2881 fratres,
1003 2824 1059 2884 335

80 2898 188 2970 ‘Atque
208 2893 284 2954 odiis
304 2913 418 2953 versare
439 2894 564 2963 domos3
591 2902 623 2948 tu
643 2889 765 2948 verbera
784 2889 869 2948 tectis

82 2975 298 3050 ‘Funereasque
318 2972 424 3033 inferre
444 2975 544 3044 faces;
566 2969 620 3029 tibi
641 2968 763 3028 nomina
783 2968 873 3039 mille,

84 3053 176 3113 ‘Mille
196 3052 324 3113 nocendi
344 3063 427 3112 artes.
472 3051 645 3111 Fecundum
666 3059 793 3108 concute
814 3057 926 3123 pectus

85 3131 205 3193 ‘Disiice
222 3132 419 3208 compositam
440 3149 553 3208 pacem,
576 3149 639 3189 sere
659 3127 783 3187 crimina
801 3127 889 3200 belli;

87 3215 182 3272 ‘Arma
201 3212 279 3286 velit,
301 3222 463 3289 poscatque
484 3210 578 3282 simul,
601 3209 752 3286 rapiatque
773 3207 928 3267 iuventus!
1001 3226 1060 3281 340

121 3292 190 3352 Exin
211 3292 376 3369 Gorgoneis
396 3293 514 3350 Allecto
535 3255 642 3349 iniecta
661 3287 783 3348 venenis

86 3371 223 3449 Principio
244 3371 362 3430 Latium
383 3379 412 3429 et
434 3368 588 3428 Laurentis
608 3379 687 3428 tecta
707 3365 822 3444 tyranni

866 3485 960 3544 19-—2
