2462 3678
165 81 224 157 308
418 77 453 135 P.
487 75 679 134 VERGILI
700 74 913 134 MARONIS

166 199 362 276 ‘Insequitur;
393 219 447 262 nos
470 199 494 260 si
515 201 634 278 pellant,
659 199 734 259 nihil
755 201 836 258 afore
859 199 989 258 credunt

166 280 265 355 ‘Quin
287 299 407 341 omnem
430 267 609 358 Hesperiam
632 279 750 358 penitus
775 298 828 338 sua
849 277 937 338 sub
927 297 1001 354 ruga
1024 277 1151 346 mittant,

165 362 222 420 ‘Et
243 379 331 432 mare,
349 363 432 436 quod
453 380 547 438 supra,
570 369 700 431 teneant,
722 360 864 436 quodque
884 358 971 418 alluit
993 358 1086 417 infra.

165 439 293 516 ‘Accipe
315 406 414 517 daque
437 442 541 503 fidem:
575 451 644 500 sunt
667 439 755 500 nobis
778 440 865 499 sortia
886 439 970 499 bello
1121 453 1169 512 ¹50

165 521 314 592 ‘Pectora
340 532 409 581 sunt
433 520 524 580 animi
547 532 577 580 et
598 521 685 581 rebus
709 530 842 596 spectata
863 518 1027 578 iuventus!

204 600 327 659 Dixerat
347 603 473 661 Aeneas.
516 602 571 660 Ille
593 619 627 659 os
649 600 812 676 oculosque
833 599 985 674 loquentis

163 680 344 771 Iamdudum
368 691 399 740 et
422 691 517 741 totum
540 682 682 740 lustrabat
706 680 819 738 lumine
843 697 960 755 corpus.

162 758 286 818 Tum
263 779 307 818 src
328 779 423 836 pauca
445 761 546 821 refert.
579 762 640 821 ‘Ut
662 771 701 832 te,
725 759 881 820 fortissime
904 745 1078 834 Teucrum,

163 838 308 915 ‘Accipio
334 841 544 916 adgnoscoque
565 840 680 900 libens!
714 851 746 900 ut
768 840 859 898 verba
875 838 1009 914 parentis
1121 857 1168 915 155

163 921 219 978 ‘Et
240 938 343 979 vocem
362 919 512 1011 Anchisae
536 919 636 996 magni
659 921 833 995 voltumque
854 921 1015 979 recordor!

163 1001 261 1058 ‘Nam
280 999 402 1059 memini
427 999 581 1060 Hesionae
602 999 747 1060 visentem
771 1017 861 1076 regna
884 999 994 1058 sororis

163 1079 457 1139 ‘Laomedontiaden
480 1079 636 1152 Priamum,
659 1079 809 1139 Salamina
831 1089 994 1155 petentem,

163 1159 316 1219 ‘Protinus
341 1158 485 1219 Arcadiae
506 1158 619 1236 gelidos
642 1158 767 1219 invisere
791 1161 873 1218 fines.
1069 1229 1075 1240 ι

163 1241 259 1298 ‘Tum
280 1238 354 1298 mihi
377 1237 472 1316 prima
495 1258 585 1316 genas
605 1239 732 1300 vestibat
756 1240 828 1299 flore
852 1238 997 1311 iuventas,
1121 1243 1168 1298 160

162 1318 368 1395 ‘Mirabarque
389 1320 480 1379 duces
500 1323 640 1390 Teucros,
665 1319 793 1379 mirabar
817 1328 847 1379 et
867 1319 966 1394 ipsum

162 1399 475 1472 ‘Laomedontiaden;
501 1401 555 1458 sed
579 1398 692 1458 cunctis
716 1400 803 1459 altior
827 1398 888 1458 ibat

162 1478 330 1538 ‘Anchmes
375 1478 452 1538 Mihi
474 1498 558 1538 mens
580 1479 709 1539 iuvenali
736 1480 859 1539 ardebat
880 1497 984 1538 amore

162 1560 365 1636 ‘Compellare
386 1558 488 1631 virum,
511 1570 542 1618 et
566 1559 687 1618 dextrae
709 1559 889 1635 coniungere
909 1559 1071 1618 dextram:

162 1639 308 1710 ‘Accessi
331 1651 362 1698 et
384 1639 510 1715 cupidus
536 1639 649 1698 Phenei
671 1642 726 1698 sub
749 1638 868 1698 moenia
889 1638 970 1698 duxi.
1117 1642 1164 1715 165

161 1720 232 1777 ‘Ille
254 1718 358 1778 mihi
350 1719 495 1796 insignem
517 1720 684 1794 pharetram
709 1719 873 1810 Lyciasque
897 1718 1020 1795 sagittas

161 1798 345 1859 ‘Discedens
362 1799 610 1876 chlamydemque
634 1818 705 1858 auro
730 1799 813 1858 dedit
838 1797 1043 1870 intertextam,

161 1880 203 1937 ‘F
204 1898 333 1956 renaque
354 1878 426 1940 bina
447 1898 530 1938 meus
554 1896 630 1954 quae
652 1899 732 1938 nunc
753 1875 843 1938 habet
862 1898 951 1940 aurea
971 1845 1087 1939 Pallas

160 1960 255 2035 ‘Ergo
279 1971 308 2020 et
332 1977 421 2034 quam
446 1958 544 2036 petitis
565 1959 667 2020 iuncta
690 1970 735 2019 est
759 1958 833 2018 mihi
856 1960 977 2020 loedere
996 1961 1130 2020 dextra·

160 2040 283 2098 ‘Et-lux
304 2059 372 2098 cum
394 2039 522 2116 primum
543 2038 626 2101 terris
649 2059 681 2100 se
705 2038 831 2098 crastina
852 2039 964 2112 reddet,
1114 2059 1166 2115 ¹70

160 2119 296 2179 ‘Auxilio
321 2121 414 2180 laetos
439 2119 587 2179 dimittam
607 2120 774 2196 opibusque
799 2119 913 2180 iuvabo.

160 2201 300 2259 ‘Interea
320 2219 403 2260 sacra
421 2200 503 2271 haec,
532 2201 655 2276 quando
676 2201 735 2259 huc
756 2199 876 2260 venistis
898 2198 998 2272 amici,

159 2281 291 2350 ‘Annua
312 2299 389 2355 quae
412 2280 527 2339 differre
548 2283 640 2352 nefas,
663 2281 811 2342 celebrate
834 2281 967 2339 faventes

159 2359 352 2431 ‘Nobiscum
377 2370 408 2420 et
431 2359 490 2418 iam
512 2379 593 2418 nunc
615 2359 762 2419 sociorum
786 2359 952 2419 adsuescite
977 2360 1117 2420 mensis!

198 2440 286 2498 Haec
306 2439 358 2499 ubi
377 2439 465 2511 dicta,
490 2440 582 2515 dapes
606 2438 687 2500 iubet
710 2451 739 2500 et
764 2441 879 2500 sublata
902 2439 1009 2516 reponi
1110 2457 1161 2516 ¹75

157 2519 277 2590 Pocula,
300 2519 510 2596 gramineoque
528 2519 605 2579 viros
627 2521 706 2579 locat
729 2519 794 2596 ipse
822 2518 924 2592 sedili;

157 2597 412 2675 Praecipuumque
434 2611 499 2660 toro
521 2611 551 2659 et
573 2598 671 2659 villosi
694 2601 770 2676 pelle
793 2599 887 2659 leonis

156 2677 271 2755 Accipit
295 2682 427 2751 Aenean,
454 2679 588 2754 solioque
611 2679 715 2739 invitat
736 2698 852 2739 acerno.

155 2760 235 2817 Tum
259 2759 328 2818 lecti
347 2759 466 2819 iuvenes
490 2759 624 2819 certatim
649 2777 776 2834 araeque
804 2759 940 2818 sacerdos

155 2837 277 2897 Viscera
298 2849 376 2898 tosta
398 2841 496 2899 ferunt
517 2850 675 2912 taurorum,
701 2851 884 2914 onerantque
906 2837 1043 2899 canistris
1105 2844 1160 2898 180

156 2918 246 2975 Dona
269 2918 418 2978 laboratae
440 2920 565 2991 Cereris,
596 2920 805 2995 Bacchumque
833 2918 1011 2980 ministrant

154 2995 292 3055 Vescitur
311 2999 429 3057 Aeneas
454 2999 543 3058 simul
564 3011 594 3059 et
618 2999 748 3059 Troiana
769 2999 904 3059 iuventus

156 3074 293 3151 Perpetui
317 3087 399 3153 tergo
421 3079 504 3138 bovis
527 3090 556 3139 et
578 3079 745 3139 lustralibus
769 3079 850 3139 extis.

196 3156 357 3230 Postquam
383 3171 521 3233 exempta
545 3161 639 3218 fames
664 3169 693 3218 et
718 3177 804 3218 amor
828 3177 1019 3234 compressus
1036 3159 1153 3230 edendi,

155 3235 221 3290 Rex
242 3234 398 3292 Euandrus
422 3235 480 3294 ait:
508 3240 598 3295 ‘Non
620 3239 695 3294 haec
717 3237 872 3296 sollemnia
893 3237 990 3310 nobis,
1101 3241 1152 3314 185

156 3311 237 3365 ‘Has
260 3328 295 3366 ex
317 3328 399 3368 more
420 3312 522 3384 dapes
544 3314 621 3370 hanc
644 3315 717 3372 tanti
742 3315 870 3374 numinis
894 3335 977 3375 aram
