2462 3678
400 91 639 151 AENEIDOS
656 93 739 150 ΠΒ.
762 95 820 152 IX.

79 221 238 298 Euryali
258 232 287 281 et
308 221 381 282 Nisi

83 305 278 362 Aeneadae
299 303 364 361 duri
385 321 533 362 murorum
554 301 585 363 in
605 313 689 380 parte
709 304 826 364 sinistra

89 385 295 459 Opposuere
315 381 420 456 aciem,
443 402 511 441 nam
532 385 652 443 dextera
672 385 796 460 cingitur
817 384 906 457 amni,

90 465 319 540 Ingentesque
339 473 443 522 tenent
462 465 556 522 fossas
577 474 607 523 et
627 463 752 522 turribus
772 464 838 524 altis
1053 483 1110 540 470

92 547 202 604 Stant
223 543 326 602 maesti
336 566 344 616 3
374 542 462 601 simul
483 562 534 602 ora
553 542 647 602 virum
666 545 794 619 praefixa
814 545 983 614 movebant,

95 626 201 682 Nota
221 623 308 682 nimis
329 620 442 682 miseris
463 633 588 698 atroque
608 623 729 682 fluentia
750 626 828 684 tabo.

156 705 276 763 Interea
296 701 435 779 pavidam
455 703 581 762 volitans
602 714 731 778 pennata
750 722 803 779 per
823 705 926 763 urbem

102 783 232 842 Nuntia
253 785 345 842 Fama
365 782 422 841 ruit
442 783 601 856 matrisque
622 783 770 842 adlabitur
789 802 875 842 aures

103 863 243 938 Euryali
287 866 327 921 At
348 863 462 922 subitus
483 863 607 922 miserae
627 865 708 922 calor
728 882 796 922 ossa
814 862 940 939 reliquit,
1050 881 1107 940 475

104 942 242 1001 Excussi
261 943 397 1002 manibus
418 942 492 1001 radii
511 944 703 1018 revolutaque
723 962 823 1018 pensa

106 1025 225 1081 Evolat
245 1022 346 1082 infelix
365 1033 395 1082 et
415 1022 544 1082 femineo
565 1024 687 1094 ululatu,

106 1102 214 1161 Scissa
234 1121 359 1174 comam,
382 1121 482 1161 muros
502 1121 604 1161 amens
625 1112 714 1176 atque
734 1101 853 1178 agmina
872 1121 959 1162 cursu

107 1181 216 1240 Prima
235 1181 318 1258 petit,
341 1201 402 1240 non
422 1181 473 1241 illa
492 1181 587 1240 virum
608 1199 669 1240 non
689 1180 739 1239 illa
759 1181 860 1257 pericli

106 1263 317 1337 Telorumque
331 1280 444 1320 memor
451 1282 461 1334 3
481 1262 595 1320 caelum
610 1260 719 1319 dehinc
732 1261 885 1336 questibus
899 1262 1021 1339 implet:
1050 1265 1107 1335 480

111 1345 229 1400 ‘Hunc
248 1361 304 1418 ego
323 1351 363 1412 te,
384 1341 517 1418 Euryale,
538 1339 667 1416 aspicio?
693 1351 764 1400 tune
782 1340 833 1400 ille
853 1355 989 1403 senectae

112 1425 207 1482 ‘Sera
227 1441 312 1480 meae
331 1419 454 1496 requies,
477 1420 598 1497 potuisti
619 1420 752 1496 linquere
772 1423 875 1492 solam,

113 1501 289 1562 ‘Crudelisr
315 1510 430 1574 necte,
451 1504 506 1559 sub
527 1511 609 1559 tanta
629 1500 759 1576 pericula
778 1502 910 1576 missum,

114 1581 238 1640 ‘Adfari
259 1592 420 1640 extremum
441 1578 564 1639 miserae
585 1582 654 1639 data
674 1580 762 1657 copia
781 1582 889 1641 matri?
1185 1642 1189 1648 ,

115 1663 216 1733 ‘Heu
238 1671 314 1719 terra
333 1660 433 1735 ignota
453 1660 576 1719 canibus
596 1662 665 1719 date
684 1663 795 1736 praeda
815 1661 928 1722 Latinis
1049 1667 1104 1738 485

115 1740 321 1816 ‘Alitibusque
341 1739 426 1812 iaces,
448 1751 554 1799 necte
575 1750 626 1798 tua
645 1741 746 1800 sunere
768 1751 861 1800 mater

38 1865 43 1868 -
116 1820 266 1880 ‘Produxi
285 1820 414 1896 pressive
435 1823 537 1878 oculos
557 1831 607 1879 aut
627 1820 747 1878 volnera
766 1820 831 1890 lavi,

116 1904 226 1959 ‘Veste
246 1911 356 1975 tegens
379 1899 433 1958 tibi
453 1919 541 1974 quarn
563 1909 665 1959 noctes
685 1897 791 1958 festina
811 1899 933 1976 diesque

116 1981 306 2056 ‘Urguebam
328 1989 358 2038 et
378 1981 437 2038 tela
456 1999 540 2038 curas
561 1981 677 2038 solabar
696 1977 796 2037 aniles.

116 2061 206 2135 ‘Quo
220 2062 344 2140 sequar?
370 2070 422 2118 aut
435 2078 512 2134 quae
526 2077 606 2116 nunc
621 2069 699 2117 artus
713 2059 871 2133 avolsaque
885 2060 1018 2119 membra
1047 2078 1105 2134 490

116 2143 175 2198 ‘Et
194 2141 281 2198 funus
302 2140 430 2198 la‘cerum
451 2140 537 2197 tellus
558 2139 669 2197 habet?
695 2137 755 2196 hoc
775 2137 847 2195 mihi
868 2139 906 2196 de
927 2149 965 2215 te,

117 2222 224 2292 ‘Nate
245 2217 354 2290 refers?
383 2221 441 2276 hoc
462 2237 526 2276 sum
548 2229 681 2294 terraque
702 2216 834 2293 marique
854 2221 973 2278 secuta?

117 2299 230 2376 ‘Figite
251 2318 309 2370 me,
331 2297 435 2372 siqua
455 2307 499 2356 est
519 2296 620 2373 pietas,
642 2297 674 2355 in
694 2316 743 2356 me
763 2296 863 2355 omnia
883 2299 943 2356 tela

118 2378 281 2450 ‘Conicite,
303 2397 322 2437 o
343 2375 456 2450 Rutuli,
477 2397 526 2436 me
547 2377 670 2453 primam
691 2377 837 2436 absumite
857 2378 946 2439 ferro:

118 2462 197 2518 ‘Aut
218 2468 258 2530 tu,
280 2476 385 2533 magne
406 2460 492 2516 Pater
512 2456 620 2528 divom,
642 2457 777 2516 miserere
797 2468 909 2532 tuoque
1047 2474 1104 2534 495

119 2538 269 2598 ‘Invisum
289 2538 347 2596 hoc
367 2536 491 2596 detrude
511 2547 600 2613 caput
620 2537 674 2596 sub
695 2539 817 2596 Tartara
836 2539 905 2608 telo,

120 2618 266 2693 ‘Quando
286 2617 369 2676 aliter
388 2635 506 2692 nequeo
527 2617 675 2675 crudelem
695 2619 870 2692 abrumpere
890 2616 999 2676 vitam'

119 2702 190 2757 Hoc
210 2699 280 2756 fletu
301 2696 436 2756 concussi
456 2695 555 2768 animi,
577 2707 764 2771 maestusque
784 2714 837 2770 per
856 2715 959 2754 omnes

119 2781 148 2837 It
166 2776 306 2853 gemitus:
334 2786 451 2851 torpent
471 2775 610 2834 infractae
631 2776 670 2834 ad
691 2775 803 2850 proelia
822 2772 903 2834 vires

119 2859 205 2917 Illam
225 2857 434 2916 incendentem
455 2856 550 2914 luctus
572 2854 680 2914 Idaeus
701 2865 731 2912 et
750 2857 843 2912 Actor
1046 2871 1105 2930 500

119 2935 225 2996 Ilionei
246 2935 360 2996 monitu
382 2948 411 2994 et
431 2936 556 2995 multum
578 2933 756 2992 lacrimantis
777 2932 836 2990 Iuli

121 3017 290 3093 Corripiunt
311 3015 444 3091 interque
464 3034 569 3073 manus
590 3016 646 3073 sub
667 3023 744 3073 tecta
764 3023 916 3087 reponunt

159 3099 198 3155 At
217 3098 290 3155 tuba
309 3095 466 3156 terribilem
486 3094 615 3153 sonitum
636 3093 740 3169 procul
760 3111 827 3152 aere
847 3111 955 3151 canoro

121 3175 286 3251 Increpuit;
315 3176 446 3251 sequitur
465 3176 575 3232 clamor
595 3175 768 3248 caelumque
788 3171 920 3248 remugit.

120 3257 296 3315 Adcelerant
316 3266 383 3314 acta
402 3254 511 3331 pariter
531 3253 677 3314 testudine
698 3252 799 3313 Volsci
1047 3267 1102 3327 505

121 3339 157 3396 Et
176 3337 269 3396 fossas
289 3335 410 3411 implere
430 3345 532 3411 parant
552 3353 587 3394 ac
607 3334 713 3392 vellere
733 3334 849 3391 vallum.

534 3486 598 3552 ks,
