2460 3686
160 73 215 136 180
418 65 454 126 P.
485 65 675 125 VERGILI
689 65 899 127 MARONIS

158 193 332 256 Panduntnr
352 204 474 270 portae;
494 193 575 254 iuvat
595 193 637 252 ire
658 204 687 253 et
710 193 820 253 Dorica
840 204 936 254 castra

158 275 360 350 Desertosque
381 273 482 334 videre
502 275 586 333 locos
607 273 737 350 litusque
757 275 898 334 relictum.
929 307 933 314 ·

158 351 220 412 Hic
241 353 395 430 Dolopum
417 372 533 425 manus,
553 352 603 412 hic
624 372 730 412 saevus
751 355 895 414 tendebat
915 353 1066 428 Achilles;

157 431 308 493 Classibus
329 433 378 493 hic
398 433 490 505 locus,
504 431 555 491 hic
572 431 636 492 acie
657 443 768 493 certare
789 435 931 494 solebant
1109 453 1147 508 30

156 514 228 572 Pars
248 523 347 590 stupet
367 512 510 589 innuptae
531 513 645 572 donum
667 512 784 573 exitiale
805 512 965 586 Minervae,

156 593 195 651 Et
216 593 326 652 molem
347 592 489 652 mirantur
509 591 579 668 equi
585 613 595 666 ;
621 591 792 668 primusque
813 594 993 670 Thymoetes

155 671 235 731 Duci
256 671 332 731 intra
351 690 451 731 muros
471 673 605 731 hortatur
626 682 655 731 et
675 691 743 731 arce
763 671 861 747 locari,

154 750 221 811 Sive
241 752 320 823 dolo,
343 770 395 810 seu
415 751 476 810 iarn
495 751 605 811 Troiae
625 751 669 810 sic
689 753 750 810 fata
770 753 910 812 ferebant

153 833 196 890 At
217 831 324 908 Capys,
340 841 370 890 et
390 849 515 906 quorum
536 831 640 891 melior
661 832 808 891 sententia
828 831 929 906 menti,
1107 850 1144 908 35

154 912 216 970 Aut
235 913 341 987 pelago
363 913 502 970 Danaum
524 910 646 971 insidias
667 922 864 988 suspectaque
885 913 964 971 dona

155 991 352 1066 Praecipitare
372 990 483 1063 iubent,
506 989 705 1067 subiectisque
724 1005 807 1052 urere
828 993 970 1053 flammis:

153 1072 215 1130 Aut
235 1072 382 1131 terebrare
402 1090 490 1130 cavas
510 1070 585 1130 uteri
606 1082 635 1130 et
655 1082 800 1147 temptare
821 1073 955 1132 latebras.

153 1149 301 1210 Scinditur
321 1149 465 1210 incertum
486 1150 584 1210 studia
604 1150 635 1208 in
655 1151 801 1210 contraria
820 1153 931 1228 volgus.

194 1230 325 1290 ‘Primus
346 1229 388 1290 ibi
408 1241 476 1290 ante
497 1249 609 1301 omnes,
630 1250 738 1306 magna
758 1230 917 1290 comitante
937 1243 1075 1304 caterva,-
1097 1252 1143 1304 ,4ο

152 1311 295 1369 Laocoon
314 1312 420 1370 arden's
442 1330 557 1369 summa
577 1310 704 1370 decurrit
724 1311 761 1371 ab
782 1330 850 1372 arce
861 1335 870 1386 3

152 1391 191 1449 Et
210 1391 330 1466 procul:
355 1391 395 1451 ‘0
416 1391 523 1462 miseri,
545 1409 621 1466 quae
641 1401 724 1450 tanta
742 1390 865 1462 insania,
887 1391 982 1452 cives?

153 1469 298 1530 ‘Creditis
319 1481 438 1530 avectos
460 1472 582 1530 hostes?
602 1481 653 1529 aut
673 1472 733 1530 ulla
753 1471 863 1547 putatis

151 1552 260 1609 ‘Dona
279 1570 377 1610 carere
398 1551 473 1610 dolis
497 1551 654 1610 Danaum?
680 1550 723 1610 sic
744 1563 831 1610 notus
853 1551 976 1612 Ulixes?

153 1631 229 1690 ‘Aut
248 1631 307 1690 hoc
327 1629 432 1690 inclusi
452 1631 532 1708 ligno
553 1632 735 1690 occultantur
755 1630 869 1704 Achivi,
1104 1653 1139 1708 45

152 1713 226 1768 ‘Aut
247 1711 321 1770 haec
341 1710 372 1768 in
392 1721 508 1770 nostros
528 1711 668 1770 fabricata
687 1723 732 1771 est
751 1711 890 1771 machina
909 1721 1024 1772 muros
1207 1708 1208 1730 ¹

111 1823 116 1831 -
152 1791 343 1866 ‘Inspectura
363 1792 469 1850 domos
489 1801 671 1866 venturaque
692 1792 817 1867 desuper
838 1792 901 1852 urbi
908 1814 916 1865 ;

151 1871 228 1928 ‘Aut
249 1869 352 1946 aliquis
373 1871 444 1930 latet
466 1889 555 1929 error:
584 1889 662 1946 equo
682 1890 721 1930 ne
741 1871 860 1945 credite,
882 1873 996 1932 Teucri.
1025 1881 1091 2000 s

151 1949 320 2026 ‘Quidquid
340 1949 371 2008 id
392 1961 445 2021 est,
466 1949 557 2010 timeo
580 1951 701 2009 Danaos
722 1961 752 2010 et
772 1953 852 2029 dona
872 1953 1016 2012 ferentes!
1207 2017 1208 2022 η

149 2029 196 2088 Sic
216 2031 292 2088 fatus
313 2030 417 2090 validis
438 2030 588 2105 ingentem
608 2029 717 2090 viribus
737 2032 852 2091 hastam
1101 2049 1137 2108 50

149 2110 186 2168 In
206 2110 282 2170 latus
302 2109 392 2186 inque
411 2110 463 2168 seri
483 2129 602 2168 curvam
623 2109 815 2188 compagibus
835 2113 933 2171 alvom
1207 2125 1208 2134 ¹

148 2190 308 2250 Contorsit.
351 2190 436 2249 Stetit
456 2189 506 2249 illa
526 2201 664 2263 tremens,
685 2202 828 2266 uteroque
848 2211 966 2251 recusso

148 2270 311 2330 Insonuere
332 2289 421 2330 cavae
442 2269 642 2347 gemitumque
663 2271 772 2330 dedere
793 2290 943 2331 cavernae.

147 2350 195 2420 Et,
210 2349 234 2408 si
254 2352 314 2409 fata
334 2351 433 2423 deum,
455 2351 478 2409 si
499 2369 584 2410 mens
604 2369 666 2410 non
687 2353 770 2410 laeva
789 2351 900 2424 suisset,

147 2430 310 2506 Impulerat
330 2430 405 2488 ferro
427 2430 577 2506 Argolicas
598 2431 717 2490 foedare
737 2432 864 2491 latebras
875 2452 885 2505 ;
1096 2450 1112 2510 5
1115 2450 1138 2511 5·

146 2508 295 2585 Troiaque
315 2528 395 2568 nunc
416 2520 515 2584 stares,
531 2510 699 2586 Priamique
719 2530 769 2570 arx
788 2513 855 2584 alta,
878 2530 1017 2572 maneres.
1043 2531 1045 2538 ·

188 2591 292 2661 ‘Ecca
315 2608 419 2648 manus
440 2589 577 2648 iuvenem
598 2589 709 2650 interea
728 2603 797 2667 post
817 2601 898 2668 terga
918 2592 1077 2652 revinctum

146 2672 282 2730 Pastores
303 2688 412 2745 magno
432 2671 470 2728 ad
492 2689 590 2746 regem
611 2671 739 2729 clamore
760 2671 916 2730 trahebant

147 2750 345 2822 Dardanidae,
368 2748 471 2826 quise
493 2749 627 2826 ignotum
648 2749 832 2810 venientibus
853 2752 938 2823 ultr0,

146 2831 216 2888 Hoc
236 2830 334 2906 ipsum
354 2840 387 2888 ut
407 2839 531 2888 strueret
551 2827 730 2904 Troiamque
750 2830 882 2905 aperiret,
894 2828 1023 2900 Achivis,
1092 2834 1128 2888 60

145 2909 308 2982 Obtulerat,
329 2911 424 2969 fidens
445 2907 544 2979 animi,
566 2919 656 2984 atque
676 2909 707 2967 in
726 2919 883 2984 utrumque
891 2920 1029 2985 paratus,

143 2989 201 3050 Seu
221 3007 337 3048 versare
358 2990 453 3060 dolos
475 3007 527 3046 seu
548 2998 645 3047 certae
664 2989 839 3048 occumbere
860 2988 954 3048 morti

144 3068 290 3142 Undique
309 3067 424 3124 visendi
444 3065 543 3125 studio
563 3066 693 3125 Troiana
712 3067 848 3134 iuventtis

144 3144 327 3204 Circumfusa
346 3143 411 3212 ruit,
434 3151 606 3216 certantque
626 3141 758 3220 inludere
778 3158 873 3221 capto.

143 3220 255 3357 gecipe
275 3239 355 3278 nunc
375 3220 513 3276 Danaum
532 3219 662 3294 insidias,
684 3234 713 3280 et
734 3224 855 3284 crimine
875 3225 913 3284 ab
932 3225 1022 3352 uno>
1089 3231 1123 3304 65

176 3315 235 3356 rsce
253 3315 365 3357 omnes
