2468 3692
131 117 188 191 396
383 116 419 172 Ji
453 113 644 172 annom
665 67 877 170 Mnnours

133 237 244 298 ‘Disce
265 248 358 311 tuum,
380 257 418 297 ne
438 257 487 298 me
507 237 633 309 incuses,
656 239 789 309 Iuturna,
812 235 956 294 dolorem.

134 319 221 394 ‘Qua
240 317 304 377 visa
323 328 368 378 est
388 320 505 378 fortuna
525 317 587 394 pati
608 321 777 392 Parcaeque
798 314 937 374 sinebant

134 397 268 459 ‘Cedere
288 417 333 458 res
355 398 450 472 Latio,
471 400 606 457 Turnum
627 407 657 458 et
677 408 729 456 tua
748 395 867 455 moenia
886 395 965 455 texi:

135 480 244 537 ‘Nunc
263 477 401 538 iuvenem
421 477 572 554 inparibus
592 477 679 536 video
701 494 875 535 concurrere
895 475 972 547 satis,

135 560 368 634 ‘Parcarumque
389 558 452 618 dies
473 569 503 618 et
522 557 565 616 vis
586 556 706 615 inimica
725 555 911 632 propinquat
1073 572 1127 631 150

136 639 224 697 ‘Non
241 657 370 714 pugnam
387 637 539 715 adspicere
560 639 639 696 hanc
658 635 759 709 oculis,
775 654 838 693 non
857 634 977 694 foedera
998 653 1125 710 possum.

135 719 201 776 ‘Tu
220 736 275 794 pro
294 736 435 794 germano
456 717 480 776 si
501 716 573 793 quid
593 714 775 792 praesentius
796 715 897 787 audes,

134 800 262 874 ‘Perge;
282 799 377 858 decet.
420 799 532 856 Forsan
552 796 675 856 miseros
695 795 818 854 meliora
838 797 1017 870 sequentur?

133 877 192 935 Vix
212 896 260 936 ea:
281 896 349 936 curn
370 877 503 936 lacrimas
524 876 618 936 oculis
640 878 763 934 Iuturna
782 874 922 950 profudit,

133 959 252 1032 Terque
273 969 435 1034 quaterque
456 977 545 1015 manu
566 966 668 1062 pectus
689 953 832 1030 percussit
852 955 1019 1014 honesturn
1072 970 1125 1029 155
1222 949 1223 960 ¹

135 1039 225 1096 ‘Non
245 1037 372 1096 lacrimis
393 1039 451 1096 hoc
471 1038 604 1126 tempus}
625 1035 666 1094 ait
686 1033 821 1094 Saturnia
842 1037 940 1106 Iuno;

133 1117 306 1188 ‘Adcelera
329 1128 358 1176 et
379 1119 504 1188 fratrem,
526 1115 551 1174 si
572 1114 638 1191 quis
659 1116 775 1187 modus,
798 1113 878 1189 eripe
898 1113 1002 1186 morti3

136 1198 214 1255 ‘Aut
234 1208 265 1255 tu
286 1198 365 1256 bella
385 1196 438 1267 cie,
461 1206 697 1271 conceptumque
719 1204 824 1254 excute
844 1195 957 1252 foedus.

136 1277 265 1335 ‘Auctor
284 1296 340 1353 ego
360 1276 506 1335 audendi!
548 1274 596 1334 sic
617 1276 768 1334 exhortata
788 1273 904 1350 reliquit

135 1358 283 1415 Incertam
304 1368 333 1416 et
353 1356 427 1416 tristi
446 1357 594 1415 turbatam
614 1356 733 1414 volnere
754 1353 869 1413 mentis.

175 1438 293 1495 Interea
312 1455 402 1512 reges,
425 1435 537 1512 ingenti
557 1436 636 1495 mole
658 1433 781 1493 Latinus

136 1516 317 1592 Quadriiugo
331 1515 445 1575 vehitur
465 1535 559 1586 curru,
582 1515 630 1574 cui
651 1525 785 1590 tempora
804 1513 915 1573 circum

135 1593 238 1654 Aurati
257 1595 303 1655 bis
324 1615 374 1656 sex
394 1595 468 1654 radii
489 1593 630 1670 fulgentia
651 1594 781 1671 cingunt,

135 1675 211 1735 Solis
230 1675 277 1735 avi
298 1675 447 1752 specimen
452 1697 462 1749 3
481 1675 557 1751 bigis
571 1674 601 1733 ¹it
621 1678 739 1734 Turnus
759 1675 790 1732 in
810 1673 893 1748 albis,

136 1755 210 1814 Bina
229 1775 319 1814 manu
339 1758 400 1814 lato
421 1755 551 1831 crispans
572 1755 688 1813 hastilia
707 1756 790 1814 ferro.

137 1835 219 1895 Hinc
239 1846 321 1912 pater
341 1839 467 1907 Aeneas,
490 1838 644 1894 Romanae
665 1833 761 1910 stirpis
782 1834 873 1910 origo,

135 1915 254 1975 Sidereo
275 1916 399 1992 flagrans
419 1914 516 1991 clipeo
536 1925 566 1974 et
587 1913 762 1974 caelestibus
782 1915 878 1986 armis,

137 1997 175 2055 Et
194 1996 275 2054 iuxta
294 1994 447 2067 Ascanius,
470 2014 594 2072 magnae
615 2015 681 2071 spes
701 1997 792 2053 altera
813 1997 937 2066 Rornae,

117 2077 305 2154 ¹Procedunt
327 2075 436 2147 castris,
457 2094 590 2151 puraque
611 2074 642 2132 in
662 2086 744 2134 veste
765 2075 902 2134 sacerdos

135 2155 274 2232 Saetigeri
295 2157 387 2215 fetum
408 2154 468 2214 suis
489 2155 697 2230 intonsamque
719 2153 871 2214 bidentem

135 2237 250 2307 Attulit,
272 2235 461 2312 admovitque
482 2254 572 2311 pecus
593 2234 781 2310 flagrantibus
802 2235 865 2293 aris.

137 2315 185 2374 Illi
207 2317 245 2374 ad
266 2327 434 2391 surgentem
454 2315 588 2374 conversi
610 2313 722 2373 lumina
742 2316 835 2374 solem

137 2395 219 2453 Dant
238 2396 334 2470 fruges
355 2395 491 2453 manibus
512 2397 610 2466 salsas,
634 2405 663 2454 et
684 2405 818 2470 tempora
838 2396 914 2453 ferro

136 2475 256 2534 Summa
275 2486 380 2534 notant
401 2476 556 2551 pecudum,
578 2473 745 2551 paterisque
765 2475 866 2532 altaria
886 2474 987 2535 libant.

136 2556 214 2612 Tum
234 2553 300 2631 pius
320 2558 437 2614 Aeneas
458 2555 558 2614 stricto
579 2555 622 2614 sic
642 2574 712 2614 ense
733 2565 881 2630 precatur:

139 2637 230 2694 ‘Esto
250 2654 331 2693 nunc
351 2636 401 2694 Sol
422 2634 504 2694 testis
526 2646 556 2694 et
575 2635 650 2693 haec
670 2633 742 2693 mihi
763 2646 838 2694 terra
857 2633 986 2706 vocanti,

139 2716 254 2789 ‘Quam
274 2723 399 2791 propter'
412 2725 510 2774 tantos
531 2715 614 2792 potui
635 2716 762 2790 perferre
783 2716 907 2785 labores,

138 2797 196 2853 ‘Et
217 2797 303 2854 Pater
323 2793 519 2870 omnipotens,
542 2807 571 2854 et
590 2805 624 2853 tu
644 2794 778 2854 Saturnia
798 2794 935 2865 coniunx,

139 2876 222 2931 ‘lam
242 2874 353 2947 melior,
375 2873 441 2946 iam,
464 2874 540 2946 diva,
562 2894 679 2950 precor;
701 2886 793 2950 tuque
813 2874 922 2933 inclute
946 2877 1078 2946 Mavors

137 2954 274 3012 ‘Cuncta
293 2965 345 3012 tuo
365 2954 416 3029 qui
435 2920 522 3024 bella,
545 2965 634 3030 pater,
658 2956 713 3013 sub
734 2953 856 3013 numine
877 2964 1017 3030 torques3
1078 2955 1133 3011 180

138 3033 325 3105 ‘Fontesque
346 3033 524 3108 Fluviosque
544 3053 629 3106 voco,
652 3053 788 3110 quaeque
808 3034 934 3092 aetheris
954 3033 1008 3092 alti

139 3106 282 3179 ‘Religiq
304 3120 333 3166 et
354 3129 430 3183 quae
450 3114 584 3171 caeruleo
606 3125 674 3172 sunt
694 3114 818 3172 numina
838 3125 945 3190 ponto:

139 3183 284 3242 ‘Cesserit
304 3189 481 3247 Ausonio
458 3209 483 3248 sr
503 3193 562 3249 sors
582 3192 705 3252 victoria
724 3197 835 3264 Turn0,

138 3260 305 3318 ‘Convenit
327 3265 456 3323 Euandri
476 3269 569 3328 victos
590 3272 744 3333 discedere
765 3275 803 3333 ad
824 3276 942 3349 urbem;

139 3336 253 3394 ‘Cedet
274 3339 356 3397 Iulus
376 3343 466 3415 agris3
486 3365 542 3404 nec
563 3361 631 3424 post
652 3371 733 3411 arma
753 3356 813 3413 ulla
832 3357 958 3414 rebelles
1081 3359 1133 3432 185
