2494 3702
66 2806 101 2846 NR

168 113 221 170 132
427 93 457 150 P.
483 89 672 148 VERGILI
686 88 898 148 MARONIS

163 243 262 303 Corda
282 259 374 316 pavor
393 240 535 316 pulsans?
561 235 603 296 illi
623 237 733 297 instant
754 240 873 299 verbere
893 249 971 299 torto

163 325 202 382 Et
222 320 307 398 proni
329 322 402 380 dant
422 320 493 389 lora,
514 319 595 377 volat
615 316 644 376 vi
664 317 792 376 fervidus
813 318 894 391 axis;

58 472 65 482 ‚
163 397 583 476 Iamquehumiles,'1amque
604 396 673 457 elati
693 397 817 458 sublime
838 398 973 458 videntur

162 486 241 541 Aera
260 499 314 556 per
333 498 460 539 vacuum
481 478 547 538 ferri
567 489 656 553 atque
677 478 861 555 adsurgere'
853 499 884 537 1n
904 499 1008 552 auras3

164 565 229 622 Nec
250 578 333 619 mora
353 578 409 618 nec
429 559 563 634 requies·
555 603 564 632 ,
591 570 622 617 at
642 559 739 616 {ulvae
760 557 878 619 nimbus
898 559 1027 619 harenae

163 639 296 711 Tollitur,
318 651 473 699 umescunt
493 637 605 714 spumis
625 638 755 713 flatuque
775 648 969 715 sequentum:

163 725 277 781 Tantus
297 739 380 779 amor
399 720 529 790 laudum,
551 729 650 778 tantae
672 730 716 777 est
736 717 859 778 victoria
879 739 973 779 curae.

164 803 279 861 Primus
301 799 508 860 Erichthonius
529 817 628 857 currus
650 809 679 858 et
699 808 840 875 quattuor
858 818 945 858 ausus
1029 797 1031 804 ⁴

164 885 289 960 Iungere
310 899 411 956 equos,
433 878 611 955 rapidusque
632 877 704 938 rotis
724 879 858 939 insistere
877 879 979 940 victor.

165 965 260 1022 Frena
281 959 459 1021 Pelethronii
481 958 623 1036 Lapithae
643 977 787 1035 gyrosque
809 960 916 1019 dedere

165 1039 303 1119 Impositi
322 1041 412 1100 dorso
432 1050 521 1115 atque
542 1038 671 1114 equitem
692 1040 819 1099 docuere
840 1042 895 1098 sub
915 1039 1003 1099 armis

165 1123 310 1182 Insultare
330 1121 395 1180 solo
416 1129 446 1179 et
466 1137 581 1196 gressus
602 1121 763 1194 glomerare
784 1120 933 1195 superbos.

165 1207 285 1278 Aequus
305 1217 428 1275 uterque
448 1200 540 1270 labor,
561 1217 656 1274 aeque
676 1199 872 1275 iuvenemque
892 1199 1025 1276 magistri

166 1283 329 1358 Exquirunt
350 1280 538 1355 calidumque
558 1277 665 1338 animis
686 1289 716 1338 et
736 1278 868 1339 cursibus
889 1299 996 1354 acrem,

165 1361 308 1437 Quamvis
328 1378 417 1436 saepe
438 1361 505 1435 fuga
525 1377 625 1418 versos
645 1358 694 1418 ille
716 1359 805 1435 egen't
824 1359 925 1420 hostes

166 1445 205 1502 Et
225 1442 350 1518 patriam
369 1439 491 1515 Epirum
513 1440 617 1498 reserat
637 1439 785 1516 sortesque
807 1442 949 1516 Mycenas

166 1521 358 1597 Neptunique
379 1519 444 1595 ipsa
465 1519 593 1578 deducat
615 1519 726 1595 origine
745 1531 871 1596 gentem.

145 1631 156 1661 f
206 1601 264 1662 His
284 1598 494 1660 animadversis
515 1598 626 1658 instant
646 1599 702 1658 sub
723 1610 840 1677 tempus
861 1611 892 1660 et
912 1619 1018 1661 omnes

165 1682 347 1759 Impendunt
368 1698 450 1738 curas
472 1680 566 1738 denso
586 1678 754 1739 distendere
775 1680 885 1756 pingui,

165 1765 262 1838 Quem
284 1763 379 1837 legere
400 1761 507 1819 ducem
529 1778 545 1817 e
579 1758 679 1834 pecori
700 1759 797 1819 dixere
819 1760 973 1820 maritum:

165 1845 377 1916 Florentesque
399 1851 499 1898 secant
541 1840 624 1898 erbas
645 1840 810 1915 fluviosque
832 1839 998 1900 miuistrant

165 1925 320 1998 Famaque,
342 1939 380 1980 ne
401 1920 491 1978 bland
532 1930 661 1994 nequeat
682 1938 841 2011 superesse
854 1919 948 1979 labori

166 2001 350 2077 Invalidique
370 2010 491 2090 patrum
507 1999 661 2057 referant'
652 1997 760 2058 ieiunia
781 1998 849 2059 nati.

165 2085 237 2158 Ipsa
256 2094 355 2140 autem
376 2080 470 2138 macie
490 2089 613 2138 tenuant
633 2089 766 2137 armenta
786 2081 927 2155 volentes,

164 2165 272 2238 Atque,
293 2160 344 2220 ubi
365 2157 538 2219 concubitus
560 2159 670 2234 primos
690 2157 750 2217 ianr
771 2171 843 2220 nota
863 2163 998 2238 voluptas

165 2241 315 2313 Sollicitat,
338 2241 516 2313 frondesque
536 2249 645 2313 negant
666 2248 696 2298 et
716 2239 846 2299 fontibus
867 2253 974 2300 arcent.

101 2325 104 2332 ’
164 2323 260 2397 Saepe
281 2321 369 2378 etiarn
390 2337 476 2377 cursu
496 2317 633 2408 quatiunt
654 2329 683 2377 et
704 2320 766 2378 sole
787 2321 918 2396 fatigant,

166 2403 244 2461 Cum
264 2398 388 2474 graviter
407 2396 500 2457 tunsis
520 2397 611 2474 gemit
631 2417 699 2456 area
718 2399 857 2475 frugibus,
879 2410 909 2459 et
929 2420 996 2459 curn

165 2480 337 2555 Surgentem
359 2479 396 2536 ad
418 2479 584 2567 Zephyrum
604 2456 735 2700 ρῗίἴε
727 2490 872 2538 iactantur
891 2479 1002 2540 inanes.

166 2561 237 2618 Hoc
256 2558 377 2629 faciunt,
398 2555 490 2615 nimio
511 2576 549 2616 ne
569 2559 639 2616 luxu
681 2558 815 2618 btunsior
835 2579 905 2618 usus

165 2640 209 2697 Sit
228 2636 348 2714 genitali
369 2655 438 2695 arvo
460 2647 489 2694 et
511 2637 607 2696 sulcos
648 2637 751 2698 blimet
771 2637 887 2711 inertes,

165 2719 224 2777 Sed
244 2718 337 2793 rapiat
358 2716 459 2776 sitiens
479 2719 625 2776 Venerem
646 2716 690 2776 int
679 2717 827 2795 teriusque
846 2722 996 2780 recondat.

205 2801 318 2856 Rursus
338 2816 409 2855 cura
429 2806 545 2873 patrum
567 2797 672 2856 cadere
693 2810 722 2857 et
742 2801 900 2861 succedere
921 2812 1048 2861 matrum

168 2876 284 2954 Incipit.
330 2876 449 2936 Exactis
469 2875 606 2966 gravidae
629 2896 695 2936 cum
716 2880 867 2939 mensibus
888 2893 993 2954 errant,

165 2958 236 3016 Non
256 2955 320 3015 illas
340 2957 477 3032 gravibus
498 2953 652 3046 quisquam
673 2957 741 3033 iuga
762 2960 869 3019 ducere
890 2927 1036 3051 plaustris,
1101 2985 1155 3039 140

166 3039 236 3094 Non
257 3037 332 3094 saltu
352 3054 488 3110 superare
508 3035 586 3094 viam
608 3035 645 3094 sit
665 3056 768 3112 passus
789 3050 819 3098 et
839 3041 898 3099 acri

165 3116 292 3188 Carpere
312 3124 396 3202 prata
416 3116 484 3186 luga
504 3113 695 3189 fluviosque'
687 3135 789 3175 rnnare
809 3139 936 3194 rapaces

165 3191 320 3251 Saltibus'
312 3211 344 3248 rn
364 3192 464 3249 vacuis
484 3203 610 3265 pascunt
631 3203 659 3251 et
680 3195 769 3268 plena
789 3200 954 3257 secundum

165 3268 309 3338 Flumina,
331 3287 450 3326 muscus
468 3267 518 3327 ubi
540 3279 569 3326 et
590 3271 762 3331 vindissima
782 3277 911 3349 gramine
932 3278 1004 3352 ripa,

166 3349 387 3423 Speluncaeque
408 3356 509 3422 tegant
528 3357 558 3406 et
579 3365 666 3408 saxea
686 3355 829 3424 procubet
849 3357 962 3416 umbra.
