<?xml version="1.0" encoding="UTF-8"?>
<!DOCTYPE html PUBLIC "-//W3C//DTD XHTML 1.0 Transitional//EN"
    "http://www.w3.org/TR/xhtml1/DTD/xhtml1-transitional.dtd">
<html xmlns="http://www.w3.org/1999/xhtml" xml:lang="en" lang="en">
 <head>
  <title>
</title>
<meta http-equiv="Content-Type" content="text/html;charset=utf-8" />
  <meta name='ocr-system' content='tesseract 3.04.00' />
  <meta name='ocr-capabilities' content='ocr_page ocr_carea ocr_par ocr_line ocrx_word'/>
</head>
<body>
  <div class='ocr_page' id='page_1' title='image "./pvergilimaronis13virggoog/pvergilimaronis13virggoog_0231.png"; bbox 0 0 2460 3686; ppageno 0'>
   <div class='ocr_carea' id='block_1_1' title="bbox 141 82 879 143">
    <p class='ocr_par' dir='ltr' id='par_1_1' title="bbox 141 82 879 143">
     <span class='ocr_line' id='line_1_1' title="bbox 141 82 879 143; baseline 0.007 -6"><span class='ocrx_word' id='word_1_1' title='bbox 141 99 196 138; x_wconf 85' lang='lat'>222</span> <span class='ocrx_word' id='word_1_2' title='bbox 396 85 431 142; x_wconf 88' lang='lat' dir='ltr'>P.</span> <span class='ocrx_word' id='word_1_3' title='bbox 462 83 652 143; x_wconf 82' lang='lat' dir='ltr'><em>VERGILI</em></span> <span class='ocrx_word' id='word_1_4' title='bbox 666 82 879 142; x_wconf 86' lang='lat' dir='ltr'><em>MARONIS</em></span> 
     </span>
    </p>
   </div>
   <div class='ocr_carea' id='block_1_2' title="bbox 140 233 1142 792">
    <p class='ocr_par' dir='ltr' id='par_1_2' title="bbox 140 233 1013 388">
     <span class='ocr_line' id='line_1_2' title="bbox 140 233 1013 311; baseline -0.002 -15"><span class='ocrx_word' id='word_1_5' title='bbox 140 233 187 296; x_wconf 89' lang='lat' dir='ltr'>Sic</span> <span class='ocrx_word' id='word_1_6' title='bbox 207 247 309 296; x_wconf 92' lang='lat' dir='ltr'>contra</span> <span class='ocrx_word' id='word_1_7' title='bbox 330 247 374 295; x_wconf 84' lang='lat' dir='ltr'>est</span> <span class='ocrx_word' id='word_1_8' title='bbox 393 233 523 311; x_wconf 87' lang='lat' dir='ltr'>ingressa</span> <span class='ocrx_word' id='word_1_9' title='bbox 544 237 660 294; x_wconf 91' lang='lat' dir='ltr'>Venus:</span> <span class='ocrx_word' id='word_1_10' title='bbox 690 233 777 310; x_wconf 91' lang='lat' dir='ltr'>‘Quis</span> <span class='ocrx_word' id='word_1_11' title='bbox 798 233 867 294; x_wconf 91' lang='lat' dir='ltr'>talia</span> <span class='ocrx_word' id='word_1_12' title='bbox 888 237 1013 294; x_wconf 89' lang='lat' dir='ltr'>demens</span> 
     </span>
     <span class='ocr_line' id='line_1_3' title="bbox 141 315 889 388; baseline -0.003 -12"><span class='ocrx_word' id='word_1_13' title='bbox 141 318 283 388; x_wconf 87' lang='lat' dir='ltr'>‘Abnuat‚</span> <span class='ocrx_word' id='word_1_14' title='bbox 305 327 354 375; x_wconf 93' lang='lat' dir='ltr'>aut</span> <span class='ocrx_word' id='word_1_15' title='bbox 376 326 474 375; x_wconf 90' lang='lat' dir='ltr'>tecum</span> <span class='ocrx_word' id='word_1_16' title='bbox 496 315 578 374; x_wconf 89' lang='lat' dir='ltr'>malit</span> <span class='ocrx_word' id='word_1_17' title='bbox 598 316 779 374; x_wconf 86' lang='lat' dir='ltr'>contendere</span> <span class='ocrx_word' id='word_1_18' title='bbox 801 317 889 388; x_wconf 85' lang='lat' dir='ltr'>bellu,</span> 
     </span>
    </p>

    <p class='ocr_par' dir='ltr' id='par_1_3' title="bbox 141 395 1042 473">
     <span class='ocr_line' id='line_1_4' title="bbox 141 395 1042 473; baseline -0.002 -17"><span class='ocrx_word' id='word_1_19' title='bbox 141 395 188 456; x_wconf 91' lang='lat' dir='ltr'>‘Si</span> <span class='ocrx_word' id='word_1_20' title='bbox 209 397 309 468; x_wconf 90' lang='lat' dir='ltr'>modo,</span> <span class='ocrx_word' id='word_1_21' title='bbox 331 396 412 473; x_wconf 94' lang='lat' dir='ltr'>quod</span> <span class='ocrx_word' id='word_1_22' title='bbox 433 414 589 469; x_wconf 90' lang='lat' dir='ltr'>memoras,</span> <span class='ocrx_word' id='word_1_23' title='bbox 610 398 721 454; x_wconf 84' lang='lat' dir='ltr'>sactum</span> <span class='ocrx_word' id='word_1_24' title='bbox 741 397 858 454; x_wconf 85' lang='lat' dir='ltr'>fortuna</span> <span class='ocrx_word' id='word_1_25' title='bbox 878 399 1042 472; x_wconf 87' lang='lat' dir='ltr'>sequatur?</span> 
     </span>
    </p>

    <p class='ocr_par' dir='ltr' id='par_1_4' title="bbox 141 475 1142 632">
     <span class='ocr_line' id='line_1_5' title="bbox 141 475 1142 551; baseline -0.004 -15"><span class='ocrx_word' id='word_1_26' title='bbox 141 477 211 536; x_wconf 93' lang='lat' dir='ltr'>‘Sed</span> <span class='ocrx_word' id='word_1_27' title='bbox 232 476 298 535; x_wconf 88' lang='lat' dir='ltr'>fatis</span> <span class='ocrx_word' id='word_1_28' title='bbox 318 475 430 535; x_wconf 89' lang='lat' dir='ltr'>incerta</span> <span class='ocrx_word' id='word_1_29' title='bbox 450 477 533 547; x_wconf 85' lang='lat' dir='ltr'>feror,</span> <span class='ocrx_word' id='word_1_30' title='bbox 556 475 580 534; x_wconf 90' lang='lat' dir='ltr'>si</span> <span class='ocrx_word' id='word_1_31' title='bbox 602 475 737 551; x_wconf 90' lang='lat' dir='ltr'>Iuppiter</span> <span class='ocrx_word' id='word_1_32' title='bbox 760 494 851 533; x_wconf 88' lang='lat' dir='ltr'>unam</span> <span class='ocrx_word' id='word_1_33' title='bbox 1086 497 1142 533; x_wconf 92' lang='lat'>110</span> 
     </span>
     <span class='ocr_line' id='line_1_6' title="bbox 141 555 895 632; baseline -0.001 -16"><span class='ocrx_word' id='word_1_34' title='bbox 141 558 227 617; x_wconf 92' lang='lat' dir='ltr'>‘Esse</span> <span class='ocrx_word' id='word_1_35' title='bbox 248 555 318 616; x_wconf 89' lang='lat' dir='ltr'>velit</span> <span class='ocrx_word' id='word_1_36' title='bbox 338 555 432 632; x_wconf 87' lang='lat' dir='ltr'>Tyriis</span> <span class='ocrx_word' id='word_1_37' title='bbox 452 558 556 615; x_wconf 92' lang='lat' dir='ltr'>urbem</span> <span class='ocrx_word' id='word_1_38' title='bbox 577 556 727 632; x_wconf 85' lang='lat' dir='ltr'>Troiaque</span> <span class='ocrx_word' id='word_1_39' title='bbox 747 556 895 631; x_wconf 86' lang='lat' dir='ltr'>prosectis,</span> 
     </span>
    </p>

    <p class='ocr_par' dir='ltr' id='par_1_5' title="bbox 141 635 917 712">
     <span class='ocr_line' id='line_1_7' title="bbox 141 635 917 712; baseline 0.001 -19"><span class='ocrx_word' id='word_1_40' title='bbox 141 635 312 696; x_wconf 89' lang='lat' dir='ltr'>‘Miscerive</span> <span class='ocrx_word' id='word_1_41' title='bbox 332 638 438 712; x_wconf 91' lang='lat' dir='ltr'>probet</span> <span class='ocrx_word' id='word_1_42' title='bbox 459 638 595 712; x_wconf 92' lang='lat' dir='ltr'>populos,</span> <span class='ocrx_word' id='word_1_43' title='bbox 618 647 668 695; x_wconf 90' lang='lat' dir='ltr'>aut</span> <span class='ocrx_word' id='word_1_44' title='bbox 689 637 809 696; x_wconf 84' lang='lat' dir='ltr'><strong>foedera</strong></span> <span class='ocrx_word' id='word_1_45' title='bbox 829 637 917 712; x_wconf 87' lang='lat' dir='ltr'>iungi.</span> 
     </span>
    </p>

    <p class='ocr_par' dir='ltr' id='par_1_6' title="bbox 140 715 1004 792">
     <span class='ocr_line' id='line_1_8' title="bbox 140 715 1004 792; baseline 0.005 -18"><span class='ocrx_word' id='word_1_46' title='bbox 140 718 201 775; x_wconf 90' lang='lat' dir='ltr'>‘Tu</span> <span class='ocrx_word' id='word_1_47' title='bbox 221 717 363 790; x_wconf 84' lang='lat' dir='ltr'>coniunx3</span> <span class='ocrx_word' id='word_1_48' title='bbox 389 715 444 776; x_wconf 92' lang='lat' dir='ltr'>tibi</span> <span class='ocrx_word' id='word_1_49' title='bbox 463 718 506 775; x_wconf 83' lang='lat' dir='ltr'>fas</span> <span class='ocrx_word' id='word_1_50' title='bbox 527 719 658 776; x_wconf 91' lang='lat' dir='ltr'>animum</span> <span class='ocrx_word' id='word_1_51' title='bbox 679 727 825 792; x_wconf 88' lang='lat' dir='ltr'>temptare</span> <span class='ocrx_word' id='word_1_52' title='bbox 845 718 1004 792; x_wconf 89' lang='lat' dir='ltr'>precando.</span> 
     </span>
    </p>
   </div>
   <div class='ocr_carea' id='block_1_3' title="bbox 31 795 942 873">
    <p class='ocr_par' dir='ltr' id='par_1_7' title="bbox 31 795 942 873">
     <span class='ocr_line' id='line_1_9' title="bbox 31 795 942 873; baseline 0 -19"><span class='ocrx_word' id='word_1_53' title='bbox 31 810 34 817; x_wconf 84' lang='lat'>&#39;</span> <span class='ocrx_word' id='word_1_54' title='bbox 141 799 259 873; x_wconf 90' lang='lat' dir='ltr'>‘Perge;</span> <span class='ocrx_word' id='word_1_55' title='bbox 286 799 409 873; x_wconf 67' lang='lat' dir='ltr'>sequar!</span> <span class='ocrx_word' id='word_1_56' title='bbox 450 798 529 854; x_wconf 92' lang='lat' dir='ltr'>Tum</span> <span class='ocrx_word' id='word_1_57' title='bbox 551 797 593 856; x_wconf 92' lang='lat' dir='ltr'>sic</span> <span class='ocrx_word' id='word_1_58' title='bbox 613 797 730 873; x_wconf 87' lang='lat' dir='ltr'>excepit</span> <span class='ocrx_word' id='word_1_59' title='bbox 750 795 830 873; x_wconf 89' lang='lat' dir='ltr'>regia</span> <span class='ocrx_word' id='word_1_60' title='bbox 851 799 942 856; x_wconf 88' lang='lat' dir='ltr'>Iuno:</span> 
     </span>
    </p>
   </div>
   <div class='ocr_carea' id='block_1_4' title="bbox 138 877 1138 1436">
    <p class='ocr_par' dir='ltr' id='par_1_8' title="bbox 140 877 1138 1035">
     <span class='ocr_line' id='line_1_10' title="bbox 141 877 1138 955; baseline 0 -19"><span class='ocrx_word' id='word_1_61' title='bbox 141 879 275 936; x_wconf 86' lang='lat' dir='ltr'>‘Mecum</span> <span class='ocrx_word' id='word_1_62' title='bbox 289 877 344 938; x_wconf 87' lang='lat' dir='ltr'>erit</span> <span class='ocrx_word' id='word_1_63' title='bbox 357 878 413 939; x_wconf 87' lang='lat' dir='ltr'>iste</span> <span class='ocrx_word' id='word_1_64' title='bbox 426 879 516 937; x_wconf 91' lang='lat' dir='ltr'>labor.</span> <span class='ocrx_word' id='word_1_65' title='bbox 540 879 629 936; x_wconf 93' lang='lat' dir='ltr'>Nunc</span> <span class='ocrx_word' id='word_1_66' title='bbox 644 896 703 952; x_wconf 89' lang='lat' dir='ltr'>qua</span> <span class='ocrx_word' id='word_1_67' title='bbox 715 877 838 950; x_wconf 91' lang='lat' dir='ltr'>ratione,</span> <span class='ocrx_word' id='word_1_68' title='bbox 854 879 934 954; x_wconf 94' lang='lat' dir='ltr'>quod</span> <span class='ocrx_word' id='word_1_69' title='bbox 949 877 1051 950; x_wconf 87' lang='lat' dir='ltr'>instat,</span> <span class='ocrx_word' id='word_1_70' title='bbox 1084 896 1138 955; x_wconf 81' lang='lat'>115</span> 
     </span>
     <span class='ocr_line' id='line_1_11' title="bbox 140 957 833 1035; baseline -0.006 -17"><span class='ocrx_word' id='word_1_71' title='bbox 140 957 283 1018; x_wconf 90' lang='lat' dir='ltr'>‘Confieri</span> <span class='ocrx_word' id='word_1_72' title='bbox 302 958 404 1034; x_wconf 90' lang='lat' dir='ltr'><strong>possit,</strong></span> <span class='ocrx_word' id='word_1_73' title='bbox 425 957 538 1035; x_wconf 87' lang='lat' dir='ltr'>paucis,</span> <span class='ocrx_word' id='word_1_74' title='bbox 559 959 687 1028; x_wconf 90' lang='lat' dir='ltr'>adverte,</span> <span class='ocrx_word' id='word_1_75' title='bbox 709 958 833 1017; x_wconf 83' lang='lat' dir='ltr'>docebo,</span> 
     </span>
    </p>

    <p class='ocr_par' dir='ltr' id='par_1_9' title="bbox 140 1037 866 1118">
     <span class='ocr_line' id='line_1_12' title="bbox 140 1037 866 1118; baseline 0.003 -23"><span class='ocrx_word' id='word_1_76' title='bbox 140 1039 303 1097; x_wconf 90' lang='lat' dir='ltr'>‘Venatum</span> <span class='ocrx_word' id='word_1_77' title='bbox 324 1041 441 1099; x_wconf 85' lang='lat' dir='ltr'>Aeneas</span> <span class='ocrx_word' id='word_1_78' title='bbox 461 1057 580 1114; x_wconf 90' lang='lat' dir='ltr'>unaque</span> <span class='ocrx_word' id='word_1_79' title='bbox 601 1037 763 1097; x_wconf 88' lang='lat' dir='ltr'>miserrima</span> <span class='ocrx_word' id='word_1_80' title='bbox 784 1037 866 1118; x_wconf 87' lang='lat' dir='ltr'>Dido</span> 
     </span>
    </p>

    <p class='ocr_par' dir='ltr' id='par_1_10' title="bbox 138 1117 979 1274">
     <span class='ocr_line' id='line_1_13' title="bbox 138 1117 979 1195; baseline 0.004 -19"><span class='ocrx_word' id='word_1_81' title='bbox 138 1119 192 1176; x_wconf 90' lang='lat' dir='ltr'>‘In</span> <span class='ocrx_word' id='word_1_82' title='bbox 213 1137 317 1178; x_wconf 91' lang='lat' dir='ltr'>nemus</span> <span class='ocrx_word' id='word_1_83' title='bbox 336 1117 378 1178; x_wconf 92' lang='lat' dir='ltr'>ire</span> <span class='ocrx_word' id='word_1_84' title='bbox 398 1128 512 1195; x_wconf 86' lang='lat' dir='ltr'>parant,</span> <span class='ocrx_word' id='word_1_85' title='bbox 533 1119 585 1178; x_wconf 92' lang='lat' dir='ltr'>ubi</span> <span class='ocrx_word' id='word_1_86' title='bbox 605 1119 715 1194; x_wconf 91' lang='lat' dir='ltr'>primos</span> <span class='ocrx_word' id='word_1_87' title='bbox 735 1117 878 1178; x_wconf 89' lang='lat' dir='ltr'>crastinus</span> <span class='ocrx_word' id='word_1_88' title='bbox 899 1129 979 1179; x_wconf 89' lang='lat' dir='ltr'>ortus</span> 
     </span>
     <span class='ocr_line' id='line_1_14' title="bbox 140 1197 861 1274; baseline 0.003 -18"><span class='ocrx_word' id='word_1_89' title='bbox 140 1197 295 1258; x_wconf 89' lang='lat' dir='ltr'>‘Extulerit</span> <span class='ocrx_word' id='word_1_90' title='bbox 315 1199 404 1258; x_wconf 83' lang='lat' dir='ltr'>Titan</span> <span class='ocrx_word' id='word_1_91' title='bbox 425 1198 573 1274; x_wconf 89' lang='lat' dir='ltr'>radiisque</span> <span class='ocrx_word' id='word_1_92' title='bbox 594 1198 730 1258; x_wconf 88' lang='lat' dir='ltr'>retexerit</span> <span class='ocrx_word' id='word_1_93' title='bbox 750 1201 861 1258; x_wconf 90' lang='lat' dir='ltr'>orbem.</span> 
     </span>
    </p>

    <p class='ocr_par' dir='ltr' id='par_1_11' title="bbox 140 1277 1138 1436">
     <span class='ocr_line' id='line_1_15' title="bbox 140 1277 1138 1356; baseline 0.003 -20"><span class='ocrx_word' id='word_1_94' title='bbox 140 1277 215 1337; x_wconf 90' lang='lat' dir='ltr'>‘Hic</span> <span class='ocrx_word' id='word_1_95' title='bbox 236 1297 290 1355; x_wconf 86' lang='lat' dir='ltr'>ego</span> <span class='ocrx_word' id='word_1_96' title='bbox 310 1279 473 1356; x_wconf 84' lang='lat' dir='ltr'>nigrantem</span> <span class='ocrx_word' id='word_1_97' title='bbox 496 1279 657 1338; x_wconf 86' lang='lat' dir='ltr'>commixta</span> <span class='ocrx_word' id='word_1_98' title='bbox 676 1279 818 1356; x_wconf 84' lang='lat' dir='ltr'>grandine</span> <span class='ocrx_word' id='word_1_99' title='bbox 839 1280 982 1352; x_wconf 89' lang='lat' dir='ltr'>nimbum,</span> <span class='ocrx_word' id='word_1_100' title='bbox 1083 1303 1138 1340; x_wconf 88' lang='lat'>120</span> 
     </span>
     <span class='ocr_line' id='line_1_16' title="bbox 140 1359 978 1436; baseline 0.005 -21"><span class='ocrx_word' id='word_1_101' title='bbox 140 1360 233 1416; x_wconf 88' lang='lat' dir='ltr'>‘Dum</span> <span class='ocrx_word' id='word_1_102' title='bbox 255 1359 403 1435; x_wconf 90' lang='lat' dir='ltr'>trepidant</span> <span class='ocrx_word' id='word_1_103' title='bbox 422 1361 494 1432; x_wconf 89' lang='lat' dir='ltr'>alae,</span> <span class='ocrx_word' id='word_1_104' title='bbox 518 1361 667 1435; x_wconf 79' lang='lat' dir='ltr'>saltusque</span> <span class='ocrx_word' id='word_1_105' title='bbox 686 1359 826 1436; x_wconf 78' lang='lat' dir='ltr'>indagine</span> <span class='ocrx_word' id='word_1_106' title='bbox 847 1359 978 1435; x_wconf 82' lang='lat' dir='ltr'>cingunt,</span> 
     </span>
    </p>
   </div>
   <div class='ocr_carea' id='block_1_5' title="bbox 131 1440 1209 3280">
    <p class='ocr_par' dir='ltr' id='par_1_12' title="bbox 139 1440 1010 1515">
     <span class='ocr_line' id='line_1_17' title="bbox 139 1440 1010 1515; baseline 0.001 -18"><span class='ocrx_word' id='word_1_107' title='bbox 139 1440 287 1515; x_wconf 86' lang='lat' dir='ltr'>‘Desuper</span> <span class='ocrx_word' id='word_1_108' title='bbox 306 1440 469 1513; x_wconf 85' lang='lat' dir='ltr'>infundam,</span> <span class='ocrx_word' id='word_1_109' title='bbox 491 1452 520 1500; x_wconf 88' lang='lat' dir='ltr'>et</span> <span class='ocrx_word' id='word_1_110' title='bbox 540 1441 651 1499; x_wconf 85' lang='lat' dir='ltr'>tonitru</span> <span class='ocrx_word' id='word_1_111' title='bbox 671 1442 786 1499; x_wconf 90' lang='lat' dir='ltr'>caelum</span> <span class='ocrx_word' id='word_1_112' title='bbox 807 1459 896 1498; x_wconf 91' lang='lat' dir='ltr'>omne</span> <span class='ocrx_word' id='word_1_113' title='bbox 916 1441 1010 1500; x_wconf 92' lang='lat' dir='ltr'>ciebo.</span> 
     </span>
    </p>

    <p class='ocr_par' dir='ltr' id='par_1_13' title="bbox 139 1518 911 1596">
     <span class='ocr_line' id='line_1_18' title="bbox 139 1518 911 1596; baseline 0.001 -19"><span class='ocrx_word' id='word_1_114' title='bbox 139 1518 314 1596; x_wconf 87' lang='lat' dir='ltr'>‘Diffugient</span> <span class='ocrx_word' id='word_1_115' title='bbox 333 1519 464 1592; x_wconf 89' lang='lat' dir='ltr'>comites,</span> <span class='ocrx_word' id='word_1_116' title='bbox 487 1531 517 1580; x_wconf 92' lang='lat' dir='ltr'>et</span> <span class='ocrx_word' id='word_1_117' title='bbox 537 1531 625 1580; x_wconf 90' lang='lat' dir='ltr'>nocte</span> <span class='ocrx_word' id='word_1_118' title='bbox 645 1531 911 1596; x_wconf 54' lang='lat' dir='ltr'>tegentur‘opaca:</span> 
     </span>
    </p>

    <p class='ocr_par' dir='ltr' id='par_1_14' title="bbox 139 1600 979 1676">
     <span class='ocr_line' id='line_1_19' title="bbox 139 1600 979 1676; baseline -0.002 -16"><span class='ocrx_word' id='word_1_119' title='bbox 139 1601 329 1676; x_wconf 88' lang='lat' dir='ltr'>‘Speluncam</span> <span class='ocrx_word' id='word_1_120' title='bbox 351 1600 433 1661; x_wconf 90' lang='lat' dir='ltr'>Dido</span> <span class='ocrx_word' id='word_1_121' title='bbox 454 1603 515 1660; x_wconf 90' lang='lat' dir='ltr'>dux</span> <span class='ocrx_word' id='word_1_122' title='bbox 535 1612 564 1660; x_wconf 93' lang='lat' dir='ltr'>et</span> <span class='ocrx_word' id='word_1_123' title='bbox 585 1601 730 1659; x_wconf 91' lang='lat' dir='ltr'>Troianus</span> <span class='ocrx_word' id='word_1_124' title='bbox 752 1602 877 1660; x_wconf 90' lang='lat' dir='ltr'>eandem</span> <span class='ocrx_word' id='word_1_125' title='bbox 976 1645 979 1651; x_wconf 88' lang='lat'><em>.</em></span> 
     </span>
    </p>

    <p class='ocr_par' dir='ltr' id='par_1_15' title="bbox 140 1680 1209 1758">
     <span class='ocr_line' id='line_1_20' title="bbox 140 1680 1209 1758; baseline 0.002 -20"><span class='ocrx_word' id='word_1_126' title='bbox 140 1680 325 1741; x_wconf 86' lang='lat' dir='ltr'>‘Devenient</span> <span class='ocrx_word' id='word_1_127' title='bbox 369 1682 478 1754; x_wconf 91' lang='lat' dir='ltr'>Adero,</span> <span class='ocrx_word' id='word_1_128' title='bbox 501 1692 537 1754; x_wconf 91' lang='lat' dir='ltr'>et,</span> <span class='ocrx_word' id='word_1_129' title='bbox 561 1693 610 1741; x_wconf 92' lang='lat' dir='ltr'>tua</span> <span class='ocrx_word' id='word_1_130' title='bbox 631 1681 655 1739; x_wconf 93' lang='lat' dir='ltr'>si</span> <span class='ocrx_word' id='word_1_131' title='bbox 676 1681 749 1740; x_wconf 90' lang='lat' dir='ltr'>mihi</span> <span class='ocrx_word' id='word_1_132' title='bbox 770 1692 848 1739; x_wconf 89' lang='lat' dir='ltr'>certa</span> <span class='ocrx_word' id='word_1_133' title='bbox 868 1683 1014 1754; x_wconf 89' lang='lat' dir='ltr'>voluntas,</span> <span class='ocrx_word' id='word_1_134' title='bbox 1079 1701 1133 1758; x_wconf 86' lang='lat'>125</span> <span class='ocrx_word' id='word_1_135' title='bbox 1208 1731 1209 1756; x_wconf 69' lang='lat'>,</span> 
     </span>
    </p>

    <p class='ocr_par' dir='ltr' id='par_1_16' title="bbox 139 1760 1209 1838">
     <span class='ocr_line' id='line_1_21' title="bbox 139 1760 1209 1838; baseline 0.003 -17"><span class='ocrx_word' id='word_1_136' title='bbox 139 1761 294 1821; x_wconf 91' lang='lat' dir='ltr'>‘Conubio</span> <span class='ocrx_word' id='word_1_137' title='bbox 313 1760 433 1837; x_wconf 88' lang='lat' dir='ltr'>iungam</span> <span class='ocrx_word' id='word_1_138' title='bbox 455 1761 552 1821; x_wconf 90' lang='lat' dir='ltr'>stabili</span> <span class='ocrx_word' id='word_1_139' title='bbox 572 1762 782 1838; x_wconf 86' lang='lat' dir='ltr'>propriamque</span> <span class='ocrx_word' id='word_1_140' title='bbox 802 1761 917 1820; x_wconf 85' lang='lat' dir='ltr'>dicabo</span> <span class='ocrx_word' id='word_1_141' title='bbox 1186 1769 1209 1824; x_wconf 89' lang='lat' dir='ltr'>&#39;l</span> 
     </span>
    </p>

    <p class='ocr_par' dir='ltr' id='par_1_17' title="bbox 139 1829 1209 1918">
     <span class='ocr_line' id='line_1_22' title="bbox 139 1829 1209 1918; baseline -0.005 -19"><span class='ocrx_word' id='word_1_142' title='bbox 139 1841 218 1899; x_wconf 92' lang='lat' dir='ltr'>‘Hic</span> <span class='ocrx_word' id='word_1_143' title='bbox 239 1843 433 1918; x_wconf 87' lang='lat' dir='ltr'>Hymenaeus</span> <span class='ocrx_word' id='word_1_144' title='bbox 455 1841 527 1901; x_wconf 82' lang='lat' dir='ltr'>erit&#39;</span> <span class='ocrx_word' id='word_1_145' title='bbox 569 1844 641 1902; x_wconf 92' lang='lat' dir='ltr'>Non</span> <span class='ocrx_word' id='word_1_146' title='bbox 662 1845 816 1902; x_wconf 86' lang='lat' dir='ltr'>adversata</span> <span class='ocrx_word' id='word_1_147' title='bbox 835 1841 949 1916; x_wconf 91' lang='lat' dir='ltr'>petenti</span> <span class='ocrx_word' id='word_1_148' title='bbox 1208 1829 1209 1894; x_wconf 85' lang='lat' dir='ltr'>l</span> 
     </span>
    </p>

    <p class='ocr_par' dir='ltr' id='par_1_18' title="bbox 137 1897 1209 2078">
     <span class='ocr_line' id='line_1_23' title="bbox 137 1920 865 1998; baseline 0.003 -20"><span class='ocrx_word' id='word_1_149' title='bbox 137 1920 258 1994; x_wconf 91' lang='lat' dir='ltr'>Adnuit,</span> <span class='ocrx_word' id='word_1_150' title='bbox 281 1932 369 1998; x_wconf 90' lang='lat' dir='ltr'>atque</span> <span class='ocrx_word' id='word_1_151' title='bbox 390 1923 466 1983; x_wconf 91' lang='lat' dir='ltr'>dolis</span> <span class='ocrx_word' id='word_1_152' title='bbox 486 1922 548 1981; x_wconf 92' lang='lat' dir='ltr'>risit</span> <span class='ocrx_word' id='word_1_153' title='bbox 569 1924 716 1998; x_wconf 89' lang='lat' dir='ltr'>Cytherea</span> <span class='ocrx_word' id='word_1_154' title='bbox 736 1921 865 1998; x_wconf 81' lang='lat' dir='ltr'>repertis,</span> 
     </span>
     <span class='ocr_line' id='line_1_24' title="bbox 177 2001 1209 2078; baseline 0.001 -16"><span class='ocrx_word' id='word_1_155' title='bbox 177 2003 330 2063; x_wconf 87' lang='lat' dir='ltr'>Oceanum</span> <span class='ocrx_word' id='word_1_156' title='bbox 352 2003 463 2062; x_wconf 90' lang='lat' dir='ltr'>interea</span> <span class='ocrx_word' id='word_1_157' title='bbox 483 2022 603 2078; x_wconf 89' lang='lat' dir='ltr'>surgens</span> <span class='ocrx_word' id='word_1_158' title='bbox 623 2005 737 2062; x_wconf 89' lang='lat' dir='ltr'>Aurora</span> <span class='ocrx_word' id='word_1_159' title='bbox 756 2001 900 2078; x_wconf 85' lang='lat' dir='ltr'>relinquit</span> <span class='ocrx_word' id='word_1_160' title='bbox 1208 2017 1209 2024; x_wconf 75' lang='grc'>’</span> 
     </span>
    </p>

    <p class='ocr_par' dir='ltr' id='par_1_19' title="bbox 137 2081 1132 2160">
     <span class='ocr_line' id='line_1_25' title="bbox 137 2081 1132 2160; baseline 0.001 -20"><span class='ocrx_word' id='word_1_161' title='bbox 137 2085 166 2141; x_wconf 89' lang='lat' dir='ltr'>It</span> <span class='ocrx_word' id='word_1_162' title='bbox 186 2081 278 2158; x_wconf 87' lang='lat' dir='ltr'>portis</span> <span class='ocrx_word' id='word_1_163' title='bbox 298 2081 399 2142; x_wconf 88' lang='lat' dir='ltr'>iubare</span> <span class='ocrx_word' id='word_1_164' title='bbox 420 2095 521 2143; x_wconf 87' lang='lat' dir='ltr'>exorto</span> <span class='ocrx_word' id='word_1_165' title='bbox 542 2085 658 2144; x_wconf 88' lang='lat' dir='ltr'>delecta</span> <span class='ocrx_word' id='word_1_166' title='bbox 677 2084 828 2143; x_wconf 88' lang='lat' dir='ltr'>iuventus:</span> <span class='ocrx_word' id='word_1_167' title='bbox 1077 2105 1132 2160; x_wconf 78' lang='lat'>130</span> 
     </span>
    </p>

    <p class='ocr_par' dir='ltr' id='par_1_20' title="bbox 136 2163 1209 2240">
     <span class='ocr_line' id='line_1_26' title="bbox 136 2163 1209 2240; baseline 0.002 -19"><span class='ocrx_word' id='word_1_168' title='bbox 136 2163 225 2222; x_wconf 91' lang='lat' dir='ltr'>Retia</span> <span class='ocrx_word' id='word_1_169' title='bbox 245 2182 316 2234; x_wconf 90' lang='lat' dir='ltr'>rara,</span> <span class='ocrx_word' id='word_1_170' title='bbox 338 2165 449 2240; x_wconf 88' lang='lat' dir='ltr'>plagae,</span> <span class='ocrx_word' id='word_1_171' title='bbox 471 2165 532 2223; x_wconf 89' lang='lat' dir='ltr'>lato</span> <span class='ocrx_word' id='word_1_172' title='bbox 553 2165 699 2223; x_wconf 89' lang='lat' dir='ltr'>venabula</span> <span class='ocrx_word' id='word_1_173' title='bbox 719 2165 804 2236; x_wconf 86' lang='lat' dir='ltr'>seno,</span> <span class='ocrx_word' id='word_1_174' title='bbox 1208 2171 1209 2188; x_wconf 65' lang='lat'>³</span> 
     </span>
    </p>

    <p class='ocr_par' dir='ltr' id='par_1_21' title="bbox 135 2242 929 2320">
     <span class='ocr_line' id='line_1_27' title="bbox 135 2242 929 2320; baseline 0.003 -20"><span class='ocrx_word' id='word_1_175' title='bbox 135 2244 317 2319; x_wconf 89' lang='lat' dir='ltr'>Massylique</span> <span class='ocrx_word' id='word_1_176' title='bbox 336 2255 423 2303; x_wconf 89' lang='lat' dir='ltr'>ruunt</span> <span class='ocrx_word' id='word_1_177' title='bbox 443 2244 565 2320; x_wconf 80' lang='lat' dir='ltr'>equiteS,</span> <span class='ocrx_word' id='word_1_178' title='bbox 587 2256 616 2304; x_wconf 91' lang='lat' dir='ltr'>et</span> <span class='ocrx_word' id='word_1_179' title='bbox 637 2245 730 2303; x_wconf 92' lang='lat' dir='ltr'>odora</span> <span class='ocrx_word' id='word_1_180' title='bbox 750 2263 857 2302; x_wconf 89' lang='lat' dir='ltr'>canum</span> <span class='ocrx_word' id='word_1_181' title='bbox 878 2242 929 2303; x_wconf 92' lang='lat' dir='ltr'>vis.</span> 
     </span>
    </p>

    <p class='ocr_par' dir='ltr' id='par_1_22' title="bbox 136 2322 927 2400">
     <span class='ocr_line' id='line_1_28' title="bbox 136 2322 927 2400; baseline 0.001 -19"><span class='ocrx_word' id='word_1_182' title='bbox 136 2322 282 2400; x_wconf 86' lang='lat' dir='ltr'>Reginam</span> <span class='ocrx_word' id='word_1_183' title='bbox 302 2325 432 2383; x_wconf 90' lang='lat' dir='ltr'>thalamo</span> <span class='ocrx_word' id='word_1_184' title='bbox 453 2335 642 2384; x_wconf 87' lang='lat' dir='ltr'>cunctantem</span> <span class='ocrx_word' id='word_1_185' title='bbox 663 2325 701 2383; x_wconf 89' lang='lat' dir='ltr'>ad</span> <span class='ocrx_word' id='word_1_186' title='bbox 723 2324 822 2383; x_wconf 89' lang='lat' dir='ltr'>limina</span> <span class='ocrx_word' id='word_1_187' title='bbox 842 2324 927 2400; x_wconf 90' lang='lat' dir='ltr'>primi</span> 
     </span>
    </p>

    <p class='ocr_par' dir='ltr' id='par_1_23' title="bbox 136 2404 952 2482">
     <span class='ocr_line' id='line_1_29' title="bbox 136 2404 952 2482; baseline 0 -20"><span class='ocrx_word' id='word_1_188' title='bbox 136 2404 303 2462; x_wconf 91' lang='lat' dir='ltr'>Poenorum</span> <span class='ocrx_word' id='word_1_189' title='bbox 324 2416 503 2480; x_wconf 86' lang='lat' dir='ltr'>exspectant,</span> <span class='ocrx_word' id='word_1_190' title='bbox 525 2417 665 2480; x_wconf 90' lang='lat' dir='ltr'>ostroque</span> <span class='ocrx_word' id='word_1_191' title='bbox 685 2404 808 2482; x_wconf 86' lang='lat' dir='ltr'>insignis</span> <span class='ocrx_word' id='word_1_192' title='bbox 829 2415 858 2463; x_wconf 91' lang='lat' dir='ltr'>et</span> <span class='ocrx_word' id='word_1_193' title='bbox 879 2423 952 2462; x_wconf 87' lang='lat' dir='ltr'>auro</span> 
     </span>
    </p>

    <p class='ocr_par' dir='ltr' id='par_1_24' title="bbox 135 2482 935 2561">
     <span class='ocr_line' id='line_1_30' title="bbox 135 2482 935 2561; baseline 0.003 -20"><span class='ocrx_word' id='word_1_194' title='bbox 135 2482 198 2542; x_wconf 88' lang='lat' dir='ltr'>Stat</span> <span class='ocrx_word' id='word_1_195' title='bbox 219 2483 345 2560; x_wconf 88' lang='lat' dir='ltr'>sonipes,</span> <span class='ocrx_word' id='word_1_196' title='bbox 368 2504 404 2559; x_wconf 84' lang='lat' dir='ltr'>ac</span> <span class='ocrx_word' id='word_1_197' title='bbox 424 2487 507 2545; x_wconf 85' lang='lat' dir='ltr'>frena</span> <span class='ocrx_word' id='word_1_198' title='bbox 526 2487 608 2544; x_wconf 85' lang='lat' dir='ltr'>ferox</span> <span class='ocrx_word' id='word_1_199' title='bbox 629 2485 795 2561; x_wconf 90' lang='lat' dir='ltr'>spumantia</span> <span class='ocrx_word' id='word_1_200' title='bbox 814 2484 935 2544; x_wconf 90' lang='lat' dir='ltr'>mandit</span> 
     </span>
    </p>

    <p class='ocr_par' dir='ltr' id='par_1_25' title="bbox 135 2564 888 2641">
     <span class='ocr_line' id='line_1_31' title="bbox 135 2564 888 2641; baseline 0.001 -20"><span class='ocrx_word' id='word_1_201' title='bbox 135 2564 272 2623; x_wconf 91' lang='lat' dir='ltr'>Tandem</span> <span class='ocrx_word' id='word_1_202' title='bbox 292 2565 475 2641; x_wconf 88' lang='lat' dir='ltr'>progreditur</span> <span class='ocrx_word' id='word_1_203' title='bbox 495 2584 603 2640; x_wconf 88' lang='lat' dir='ltr'>magna</span> <span class='ocrx_word' id='word_1_204' title='bbox 623 2565 752 2640; x_wconf 89' lang='lat' dir='ltr'>stipante</span> <span class='ocrx_word' id='word_1_205' title='bbox 772 2575 888 2624; x_wconf 90' lang='lat' dir='ltr'>caterva</span> 
     </span>
    </p>

    <p class='ocr_par' dir='ltr' id='par_1_26' title="bbox 135 2644 924 2722">
     <span class='ocr_line' id='line_1_32' title="bbox 135 2644 924 2722; baseline 0 -18"><span class='ocrx_word' id='word_1_206' title='bbox 135 2644 287 2704; x_wconf 89' lang='lat' dir='ltr'>Sidoniam</span> <span class='ocrx_word' id='word_1_207' title='bbox 307 2644 388 2722; x_wconf 92' lang='lat' dir='ltr'>picto</span> <span class='ocrx_word' id='word_1_208' title='bbox 408 2647 594 2722; x_wconf 90' lang='lat' dir='ltr'>chlamydem</span> <span class='ocrx_word' id='word_1_209' title='bbox 615 2645 796 2705; x_wconf 90' lang='lat' dir='ltr'>circumdata</span> <span class='ocrx_word' id='word_1_210' title='bbox 816 2645 924 2704; x_wconf 91' lang='lat' dir='ltr'>limbo:</span> 
     </span>
    </p>

    <p class='ocr_par' dir='ltr' id='par_1_27' title="bbox 134 2725 977 2802">
     <span class='ocr_line' id='line_1_33' title="bbox 134 2725 977 2802; baseline -0.004 -17"><span class='ocrx_word' id='word_1_211' title='bbox 134 2725 193 2785; x_wconf 89' lang='lat' dir='ltr'>Cui</span> <span class='ocrx_word' id='word_1_212' title='bbox 212 2727 348 2802; x_wconf 89' lang='lat' dir='ltr'>pharetra</span> <span class='ocrx_word' id='word_1_213' title='bbox 369 2745 404 2784; x_wconf 89' lang='lat' dir='ltr'>ex</span> <span class='ocrx_word' id='word_1_214' title='bbox 424 2746 504 2797; x_wconf 89' lang='lat' dir='ltr'>aur0,</span> <span class='ocrx_word' id='word_1_215' title='bbox 527 2725 622 2784; x_wconf 89' lang='lat' dir='ltr'>crines</span> <span class='ocrx_word' id='word_1_216' title='bbox 642 2727 792 2785; x_wconf 90' lang='lat' dir='ltr'>nodantur</span> <span class='ocrx_word' id='word_1_217' title='bbox 813 2725 843 2783; x_wconf 93' lang='lat' dir='ltr'>in</span> <span class='ocrx_word' id='word_1_218' title='bbox 864 2743 977 2798; x_wconf 84' lang='lat' dir='ltr'>aurum,</span> 
     </span>
    </p>

    <p class='ocr_par' dir='ltr' id='par_1_28' title="bbox 133 2805 846 2883">
     <span class='ocr_line' id='line_1_34' title="bbox 133 2805 846 2883; baseline 0 -19"><span class='ocrx_word' id='word_1_219' title='bbox 133 2808 232 2866; x_wconf 89' lang='lat' dir='ltr'>Aurea</span> <span class='ocrx_word' id='word_1_220' title='bbox 251 2825 427 2883; x_wconf 86' lang='lat' dir='ltr'>purpuream</span> <span class='ocrx_word' id='word_1_221' title='bbox 448 2805 596 2866; x_wconf 88' lang='lat' dir='ltr'>subnectit</span> <span class='ocrx_word' id='word_1_222' title='bbox 615 2807 707 2866; x_wconf 89' lang='lat' dir='ltr'>fibula</span> <span class='ocrx_word' id='word_1_223' title='bbox 725 2817 846 2865; x_wconf 89' lang='lat' dir='ltr'>vestem.</span> 
     </span>
    </p>

    <p class='ocr_par' dir='ltr' id='par_1_29' title="bbox 134 2885 884 2964">
     <span class='ocr_line' id='line_1_35' title="bbox 134 2885 884 2964; baseline -0.001 -20"><span class='ocrx_word' id='word_1_224' title='bbox 134 2887 280 2945; x_wconf 92' lang='lat' dir='ltr'>Necnon</span> <span class='ocrx_word' id='word_1_225' title='bbox 302 2897 331 2946; x_wconf 91' lang='lat' dir='ltr'>et</span> <span class='ocrx_word' id='word_1_226' title='bbox 353 2885 468 2964; x_wconf 90' lang='lat' dir='ltr'>Phrygii</span> <span class='ocrx_word' id='word_1_227' title='bbox 489 2885 614 2946; x_wconf 89' lang='lat' dir='ltr'>comites</span> <span class='ocrx_word' id='word_1_228' title='bbox 635 2897 665 2946; x_wconf 93' lang='lat' dir='ltr'>et</span> <span class='ocrx_word' id='word_1_229' title='bbox 685 2889 779 2945; x_wconf 88' lang='lat' dir='ltr'>laetus</span> <span class='ocrx_word' id='word_1_230' title='bbox 801 2887 884 2944; x_wconf 90' lang='lat' dir='ltr'>Iulus</span> 
     </span>
    </p>

    <p class='ocr_par' dir='ltr' id='par_1_30' title="bbox 134 2966 946 3042">
     <span class='ocr_line' id='line_1_36' title="bbox 134 2966 946 3042; baseline 0 -18"><span class='ocrx_word' id='word_1_231' title='bbox 134 2966 289 3026; x_wconf 91' lang='lat' dir='ltr'>Incedunt.</span> <span class='ocrx_word' id='word_1_232' title='bbox 334 2968 403 3042; x_wconf 92' lang='lat' dir='ltr'>Ipse</span> <span class='ocrx_word' id='word_1_233' title='bbox 424 2978 493 3026; x_wconf 90' lang='lat' dir='ltr'>ante</span> <span class='ocrx_word' id='word_1_234' title='bbox 514 2966 587 3026; x_wconf 92' lang='lat' dir='ltr'>alios</span> <span class='ocrx_word' id='word_1_235' title='bbox 608 2966 820 3042; x_wconf 87' lang='lat' dir='ltr'>pulcherrimus</span> <span class='ocrx_word' id='word_1_236' title='bbox 842 2984 946 3024; x_wconf 90' lang='lat' dir='ltr'>omnes</span> 
     </span>
    </p>

    <p class='ocr_par' dir='ltr' id='par_1_31' title="bbox 133 3045 928 3122">
     <span class='ocr_line' id='line_1_37' title="bbox 133 3045 928 3122; baseline -0.005 -16"><span class='ocrx_word' id='word_1_237' title='bbox 133 3046 226 3106; x_wconf 79' lang='lat' dir='ltr'>Infert</span> <span class='ocrx_word' id='word_1_238' title='bbox 247 3065 279 3106; x_wconf 92' lang='lat' dir='ltr'>se</span> <span class='ocrx_word' id='word_1_239' title='bbox 299 3046 412 3106; x_wconf 89' lang='lat' dir='ltr'>socium</span> <span class='ocrx_word' id='word_1_240' title='bbox 433 3050 558 3120; x_wconf 88' lang='lat' dir='ltr'>Aeneas,</span> <span class='ocrx_word' id='word_1_241' title='bbox 580 3058 669 3122; x_wconf 89' lang='lat' dir='ltr'>atque</span> <span class='ocrx_word' id='word_1_242' title='bbox 690 3045 808 3122; x_wconf 88' lang='lat' dir='ltr'>agmina</span> <span class='ocrx_word' id='word_1_243' title='bbox 828 3045 928 3120; x_wconf 79' lang='lat' dir='ltr'>iungit</span> 
     </span>
    </p>

    <p class='ocr_par' dir='ltr' id='par_1_32' title="bbox 133 3125 946 3203">
     <span class='ocr_line' id='line_1_38' title="bbox 133 3125 946 3203; baseline -0.002 -19"><span class='ocrx_word' id='word_1_244' title='bbox 133 3125 235 3201; x_wconf 90' lang='lat' dir='ltr'>Qualis</span> <span class='ocrx_word' id='word_1_245' title='bbox 255 3125 306 3185; x_wconf 91' lang='lat' dir='ltr'>ubi</span> <span class='ocrx_word' id='word_1_246' title='bbox 326 3126 479 3185; x_wconf 89' lang='lat' dir='ltr'>hibernam</span> <span class='ocrx_word' id='word_1_247' title='bbox 501 3126 622 3203; x_wconf 89' lang='lat' dir='ltr'>Lyciam</span> <span class='ocrx_word' id='word_1_248' title='bbox 642 3126 814 3202; x_wconf 90' lang='lat' dir='ltr'>Xanthique</span> <span class='ocrx_word' id='word_1_249' title='bbox 835 3127 946 3184; x_wconf 86' lang='lat' dir='ltr'>fluenta</span> 
     </span>
    </p>

    <p class='ocr_par' dir='ltr' id='par_1_33' title="bbox 131 3204 884 3280">
     <span class='ocr_line' id='line_1_39' title="bbox 131 3204 884 3280; baseline -0.003 -16"><span class='ocrx_word' id='word_1_250' title='bbox 131 3204 259 3278; x_wconf 89' lang='lat' dir='ltr'>Deserit,</span> <span class='ocrx_word' id='word_1_251' title='bbox 279 3224 315 3264; x_wconf 88' lang='lat' dir='ltr'>ac</span> <span class='ocrx_word' id='word_1_252' title='bbox 336 3207 445 3263; x_wconf 90' lang='lat' dir='ltr'>Delum</span> <span class='ocrx_word' id='word_1_253' title='bbox 465 3217 627 3263; x_wconf 88' lang='lat' dir='ltr'>maternam</span> <span class='ocrx_word' id='word_1_254' title='bbox 648 3204 746 3264; x_wconf 86' lang='lat' dir='ltr'>invisit</span> <span class='ocrx_word' id='word_1_255' title='bbox 766 3206 884 3280; x_wconf 92' lang='lat' dir='ltr'>Apollo,</span> 
     </span>
    </p>
   </div>
   <div class='ocr_carea' id='block_1_6' title="bbox 131 3283 1001 3436">
    <p class='ocr_par' dir='ltr' id='par_1_34' title="bbox 131 3283 1001 3436">
     <span class='ocr_line' id='line_1_40' title="bbox 133 3283 896 3358; baseline 0.001 -17"><span class='ocrx_word' id='word_1_256' title='bbox 133 3287 339 3358; x_wconf 88' lang='lat' dir='ltr'>Instauratque</span> <span class='ocrx_word' id='word_1_257' title='bbox 358 3283 472 3352; x_wconf 88' lang='lat' dir='ltr'>choros,</span> <span class='ocrx_word' id='word_1_258' title='bbox 492 3283 634 3356; x_wconf 89' lang='lat' dir='ltr'>mixtique</span> <span class='ocrx_word' id='word_1_259' title='bbox 654 3283 756 3342; x_wconf 88' lang='lat' dir='ltr'>altaria</span> <span class='ocrx_word' id='word_1_260' title='bbox 775 3285 896 3354; x_wconf 66' lang='grc'>11111111,</span> 
     </span>
     <span class='ocr_line' id='line_1_41' title="bbox 131 3360 1001 3436; baseline -0.001 -15"><span class='ocrx_word' id='word_1_261' title='bbox 131 3363 293 3434; x_wconf 86' lang='lat' dir='ltr'>Cretesque</span> <span class='ocrx_word' id='word_1_262' title='bbox 314 3361 508 3435; x_wconf 89' lang='lat' dir='ltr'>Dryopesque</span> <span class='ocrx_word' id='word_1_263' title='bbox 528 3361 656 3417; x_wconf 85' lang='lat' dir='ltr'>fremunt</span> <span class='ocrx_word' id='word_1_264' title='bbox 676 3361 807 3435; x_wconf 91' lang='lat' dir='ltr'>pictique</span> <span class='ocrx_word' id='word_1_265' title='bbox 827 3360 1001 3436; x_wconf 87' lang='lat' dir='ltr'>Agathyrsi:</span> 
     </span>
    </p>
   </div>
   <div class='ocr_carea' id='block_1_7' title="bbox 0 0 1234 3686">
    <p class='ocr_par' dir='ltr' id='par_1_35' title="bbox 0 0 1234 3686">
     <span class='ocr_line' id='line_1_42' title="bbox 0 0 1234 3686; baseline 0 2"><span class='ocrx_word' id='word_1_266' title='bbox 0 0 1234 3686; x_wconf 95' lang='lat' dir='ltr'> </span> 
     </span>
    </p>
   </div>
  </div>
 </body>
</html>
