2462 3678
385 86 627 144 AENEIDOS
650 88 735 144 LIB.
770 88 855 146 VIII.
1051 111 1108 172 315

95 211 237 270 Fulmen
261 222 332 284 erat,
358 222 423 270 toto
446 210 571 272 Genitor
589 231 665 287 quae
685 211 810 288 plurima
831 214 915 274 caelo

98 291 210 350 Deicit
231 290 262 349 in
283 303 380 364 terras,
403 311 469 368 pars
490 291 662 368 imperfecta
682 293 827 353 manebat.

95 373 185 431 Tres
206 370 308 430 imbris
325 372 392 430 torti
411 370 519 443 radios,
538 383 596 431 tres
615 371 701 431 nubis
722 391 852 447 aquosae

95 451 307 524 Addiderant,
326 450 403 510 rutili
425 462 483 510 tres
504 451 579 527 ignis
596 463 625 510 et
646 451 721 511 alitis
740 453 846 511 Austri.
1050 475 1110 529 430

99 532 253 607 Fulgores
271 550 352 590 nunc
370 529 511 590 terrificos
531 530 721 607 sonitumque
739 543 911 608 metumque

103 610 281 670 Miscebant
302 609 393 686 operi,
418 610 604 687 flammisque
628 611 803 687 sequacibus
822 611 886 672 iras.

104 694 198 749 Parte
219 690 276 749 alia
295 689 385 748 Marti
403 709 579 766 curmmque
597 701 735 767 rotasque
755 693 889 752 volucres

80 783 85 787 '
108 771 278 841 Instabam,
305 769 411 844 quibus
431 769 480 828 ille
501 769 586 841 viros,
612 771 720 845 quibus
741 771 848 829 excitat
871 773 957 832 urbes
967 793 975 844 ;

103 849 284 925 Aegidaque
302 849 480 921 horriferam,
503 850 636 909 turbatae
659 850 787 910 Palladis
810 871 899 922 arma,
1050 872 1106 929 435

106 929 255 990 Certatim
279 929 409 1005 squamis
432 940 599 1004 serpentum
619 948 750 1005 auroque
774 929 916 1006 polibant,

107 1012 332 1085 Connexosque
349 1028 459 1084 angues
476 1008 629 1084 ipsamque
651 1008 682 1067 in
703 1020 822 1086 pectore
840 1010 925 1070 divae

106 1092 260 1166 Gorgona,
284 1089 405 1148 desecto
424 1101 587 1148 vertentem
608 1089 721 1147 lumina
739 1090 825 1148 collo.

108 1169 239 1228 ‘Tollite
260 1168 384 1240 cuncta’
404 1167 508 1243 inquit,
537 1173 734 1245 ‘coeptosque
758 1171 869 1228 auferte
893 1170 1016 1242 labores,

108 1248 430 1324 ‘Aetnaei‘CyclopeS,
454 1261 484 1308 et
506 1249 563 1307 huc
587 1248 729 1307 advertite
752 1261 904 1308 mentem:
1048 1270 1107 1321 440

108 1331 224 1388 ‘Arma
245 1328 305 1387 acri
329 1328 464 1387 facienda
488 1329 558 1388 viro.
602 1331 693 1388 Nunc
715 1327 823 1387 viribus
846 1348 924 1402 usus

108 1411 224 1468 ‘Nunc
245 1407 382 1467 manibus
405 1408 522 1483 rapidis,
543 1408 624 1468 omni
646 1427 726 1466 nunc
748 1420 810 1466 arte
833 1408 977 1484 magistra

109 1488 324 1564 ‘Praecipitate
349 1489 463 1546 moras!
505 1490 571 1547 Nec
592 1489 675 1564 plura
694 1490 817 1560 effatus5
844 1500 873 1547 at
891 1489 933 1548 illi

107 1568 204 1629 Ocius
223 1567 383 1628 incubuere
400 1587 504 1626 omnes
528 1567 694 1643 pariterque
718 1569 849 1628 laborem

106 1647 228 1709 Sortiti:
252 1647 315 1707 fluit
338 1667 389 1708 aes
413 1648 487 1723 rivis,
509 1648 629 1724 aurique
653 1649 811 1720 metallum,
1048 1669 1104 1723 445

106 1727 335 1804 Volnificusque
355 1728 475 1803 chalybs
495 1739 578 1786 vasta
596 1729 713 1787 lomace
737 1728 879 1804 liquescit.

109 1810 268 1884 Ingentem
291 1807 419 1883 clipeum
438 1807 605 1879 informant,
627 1827 719 1866 unum
742 1808 843 1866 omnia
861 1820 965 1867 contra

108 1888 186 1948 Tela
207 1887 387 1958 Latinorum,
409 1898 606 1963 septenosque
626 1887 745 1946 orbibus
766 1890 851 1947 orbes

110 1967 291 2044 Impediunt.
333 1967 393 2026 Alii
413 1967 542 2027 ventosis
563 1967 681 2027 follibus
702 1986 787 2025 auras

109 2047 270 2124 Accipiunt
291 2048 495 2123 redduntque,
522 2047 571 2105 alii
593 2046 745 2106 stridentia
769 2045 884 2120 tingunt
1047 2066 1104 2122 450

107 2129 188 2188 Aera
208 2129 288 2186 lacu:
308 2127 397 2204 gemit
417 2126 562 2202 impositis
582 2127 740 2186 incudibus
760 2136 883 2186 antrum.

109 2207 159 2266 Illi
180 2207 255 2266 inter
275 2227 339 2266 sese
360 2208 453 2265 multa
472 2206 502 2270 vi
522 2207 658 2266 bracchia
678 2207 786 2264 tollunt

110 2290 149 2347 In
170 2306 335 2360 numerum,
357 2297 530 2362 versantque
552 2286 648 2346 tenaci
668 2285 778 2362 forcipe
799 2304 933 2344 massam.

152 2370 239 2426 Haec
259 2377 342 2442 pater
360 2367 473 2426 Aeoliis
493 2378 630 2442 properat
653 2368 724 2425 dum
748 2364 891 2424 Lemnius
914 2365 981 2438 oris,

110 2448 286 2507 Euandrum
311 2465 348 2506 ex
371 2446 476 2505 humili
499 2459 579 2506 tecto
597 2449 648 2505 lux
668 2445 789 2505 suscitat
807 2447 885 2504 alma
1046 2462 1102 2521 455

111 2531 150 2586 Et
171 2525 307 2586 matutini
326 2528 478 2586 volucrum
500 2528 554 2586 sub
575 2526 703 2585 culmine
724 2538 834 2585 cantus.

110 2606 269 2682 Consurgit
289 2605 395 2679 senior,
417 2605 575 2683 tunicaque
593 2605 746 2666 inducitur
767 2617 855 2677 artus,

110 2690 149 2746 Et
166 2688 319 2763 Tyrrhena
336 2687 447 2763 pedum
465 2686 629 2746 circumdat
652 2685 769 2744 vincula
787 2683 909 2759 plantis:

108 2768 187 2825 Tum
209 2765 291 2825 lateri
315 2778 403 2842 atque
426 2766 555 2826 humeris
577 2768 746 2841 Tegeaeum
770 2763 894 2839 subligat
909 2781 1018 2833 ensem,

110 2845 247 2906 Demissa
263 2847 300 2906 ab
318 2847 403 2906 laeva
418 2849 577 2922 pantherae
601 2856 681 2920 terga
702 2855 881 2917 retorquens.
1044 2845 1102 2913 460

110 2930 175 2987 Nec
199 2945 261 2986 non
283 2937 313 2986 et
336 2925 446 3003 gemini
470 2926 609 2985 custodes
629 2923 730 2982 limine
748 2923 786 2981 ab
804 2923 864 2981 alto

110 3007 293 3066 Praecedunt
309 3025 500 3084 gressumque
520 3024 609 3064 canes
629 3001 808 3084 comitantur
830 2999 959 3061 herilem.

110 3086 246 3164 Hospitis
269 3089 390 3147 Aeneae
410 3087 513 3146 sedem
532 3095 562 3145 et
585 3093 698 3142 secreta
717 3080 837 3159 petebat

110 3171 284 3228 Sermonum
301 3186 416 3226 memor
433 3176 463 3226 et
486 3163 622 3243 promissi
639 3161 767 3222 muneris
785 3163 877 3221 heros.

110 3251 175 3308 Nec
196 3245 294 3306 minus
313 3248 432 3306 Aeneas
451 3265 483 3304 se
501 3243 662 3302 matutinus
680 3244 791 3319 agebat.
1043 3241 1100 3314 465

110 3327 198 3389 Filius
219 3325 288 3384 huic
307 3327 412 3411 Pallas,
434 3324 476 3382 illi
495 3342 596 3382 comes
621 3322 681 3380 ibat
699 3323 836 3380 Achates.
