2488 3694
380 68 622 128 AENEIDOS
645 69 731 127 ΜΒ.
754 69 778 126 I
782 69 811 126 V.
1038 89 1093 148 ²25

100 223 185 280 ‘Non
206 219 290 296 illum
310 218 396 279 nobis
416 218 548 296 genetrix
568 217 763 295 pulcherrima
784 219 872 278 talem

99 299 261 372 ‘Promisit
284 299 466 376 Graiumque
486 299 556 359 ideo
576 299 623 358 bis
643 299 775 369 vindicat¹
794 299 900 376 annis3

98 381 173 440 ‘Sed
194 381 265 452 fore,
288 378 340 455 qui
359 378 510 456 gravidam
530 378 659 455 imperiis
680 380 818 455 belloque
839 381 1014 439 frementem

99 459 232 520 ‘Italiam
252 470 373 535 regeret,
392 478 486 536 genus
506 461 567 519 alto
588 479 606 518 a
626 458 768 535 sanguine
788 458 894 518 Teucri
1037 477 1094 533 ²30

98 541 265 610 ‘Proderet‚
287 558 323 598 ac
342 549 439 599 toturn
460 539 514 599 sub
534 540 614 616 leges
635 539 762 599 mitteret
783 538 892 598 orbem.

101 619 144 680 ‘Si
165 620 248 678 nulla
268 619 404 679 accendit
424 630 571 678 tantarum
591 618 684 696 gloria
703 638 807 690 rerum,

98 702 181 759 ‘Nec
203 719 290 775 super
309 699 373 775 ipse
394 719 448 758 sua
467 699 587 759 molitur
606 700 693 760 laude
714 699 853 771 laborem,

98 779 283 839 ‘Ascanione
304 790 387 855 pater
408 783 561 839 Romanas
582 778 693 838 invidet
713 781 816 838 arces?

97 860 196 935 ‘Quid
218 858 322 918 struit?
342 870 393 918 aut
413 879 472 934 qua
492 878 544 935 spe
564 858 684 918 inimica
704 859 733 917 in
755 869 843 936 gente
864 869 999 929 moratur,
1038 874 1093 934 235

98 943 181 1000 ‘Nec
202 940 315 1015 prolem
336 939 499 1003 Ausoniam
521 950 550 999 et
571 938 694 998 Lavinia
714 938 833 1015 respicit
853 943 943 998 arva?

97 1019 261 1095 ‘Navigetr
281 1021 356 1078 haec
376 1039 494 1097 summa
514 1029 558 1079 est
568 1042 576 1094 ;
599 1019 648 1078 hic
668 1018 761 1079 nostri
781 1019 902 1078 nuntius
922 1019 1005 1078 esto'

141 1100 271 1159 Dixerat.
316 1101 371 1160 Ille
391 1098 480 1176 patris
500 1099 599 1177 magni
619 1119 721 1176 parere
741 1101 863 1175 parabat

97 1179 251 1257 Imperio:
279 1190 308 1239 et
328 1178 454 1256 primurn
475 1180 601 1256 pedibus
622 1179 724 1239 talaria
744 1179 835 1238 nectit

95 1265 207 1330 Aurea,
231 1279 307 1336 quae
328 1260 483 1320 sublimem
504 1259 557 1319 alis
578 1260 639 1319 sive
659 1279 788 1335 aequora
809 1278 896 1334 supra
1038 1278 1095 1332 240

96 1344 159 1401 Seu
182 1351 288 1400 terram
309 1339 414 1416 rapido
435 1339 542 1417 pariter
563 1361 632 1400 curn
652 1339 771 1398 flamine
792 1349 919 1416 portant.

96 1425 182 1482 Tum
202 1420 312 1497 virgam
333 1420 412 1496 capit
422 1442 430 1492 ;
458 1422 514 1479 hac
534 1420 646 1480 animas
667 1420 717 1480 ille
737 1431 842 1480 evocat
862 1420 941 1480 Orco

98 1503 259 1573 Pallentes,
281 1499 353 1559 alias
375 1501 429 1560 sub
450 1504 573 1559 Tartara
594 1499 684 1559 tristia
704 1499 792 1558 mittit
802 1522 811 1574 ;

98 1585 163 1640 Dat
185 1600 305 1640 somnos
326 1579 497 1656 adimitque,
519 1591 549 1640 et
569 1580 681 1640 lumina
702 1592 796 1640 morte
816 1579 961 1656 resignat:

98 1664 159 1722 Illa
178 1663 269 1720 fretus
289 1661 349 1737 agit
369 1672 482 1732 ventoS,
505 1671 534 1720 et
554 1660 672 1721 turbida
692 1671 788 1720 tranat
1038 1676 1092 1735 245

99 1741 221 1802 Nubila
264 1744 390 1816 Iamque
410 1745 513 1800 volans
533 1741 648 1818 apicem
670 1752 699 1800 et
719 1744 811 1800 latera
830 1741 922 1800 ardua
942 1738 1035 1798 cernit

98 1821 230 1882 Atlantis
251 1821 325 1893 duri,
346 1823 461 1881 caelum
483 1820 533 1897 qui
555 1820 662 1880 vertice
682 1821 774 1894 fulcit,

98 1901 238 1975 Atlantis
263 1901 393 1961 cinctum
413 1901 537 1962 adsidue
557 1901 606 1961 cui
627 1901 754 1961 nubibus
776 1899 846 1962 atris

98 1982 263 2043 Piniferum
284 1993 373 2059 caput
395 1993 424 2041 et
443 1992 533 2042 vento
553 1982 685 2058 pulsatur
706 1994 735 2041 et
755 1981 859 2057 imbri,

99 2063 165 2122 Nix
184 2065 322 2123 humeros
342 2061 439 2122 infusa
459 2062 548 2138 tegit:
576 2073 639 2122 tum
660 2061 783 2121 flumina
803 2072 905 2121 mento
1038 2077 1096 2136 250

98 2141 300 2219 Praecipitant
321 2142 407 2217 senis,
430 2153 460 2202 et
480 2141 574 2218 glacie
594 2141 667 2219 riget
688 2141 805 2202 horrida
824 2142 924 2202 barba.

100 2223 166 2284 Hic
186 2222 314 2300 primurn
334 2223 452 2299 paribus
473 2223 571 2282 nitens
592 2223 741 2300 Cyllenius
761 2223 815 2282 alis

101 2302 265 2376 Constitit3
291 2303 361 2362 hinc
381 2314 446 2376 toto
466 2322 609 2380 praeceps
631 2323 662 2363 se
682 2322 807 2380 corpore
827 2303 866 2362 ad
887 2302 983 2362 undas

100 2383 196 2457 Misit,
221 2382 268 2442 avi
288 2382 398 2454 similia,
421 2403 498 2460 quae
519 2381 629 2442 circum
649 2383 742 2454 litora,
764 2383 874 2443 circum

100 2464 240 2525 Piscosos
260 2466 407 2539 scopulos
429 2462 547 2523 humilis
567 2465 647 2523 volat
667 2483 796 2540 aequora
816 2463 905 2525 iuxta
1038 2479 1072 2538 25
1079 2478 1093 2538 5
1137 2490 1139 2494 ·

101 2544 199 2603 Haud
220 2542 302 2603 aliter
323 2555 412 2603 terras
432 2543 509 2604 inter
529 2545 705 2620 caelumque
725 2544 843 2604 volabat

100 2623 189 2684 Litus
209 2643 366 2684 arenosum
388 2621 451 2704 [ad]
473 2625 585 2699 Libyae
605 2634 769 2698 ventosque
790 2623 909 2684 secabat

100 2707 243 2765 Materno
264 2702 385 2764 veniens
405 2705 443 2764 ab
464 2723 520 2764 avo
542 2703 677 2780 Cyllenia
696 2705 802 2780 proles.

100 2786 147 2845 Ut
169 2784 296 2860 primum
317 2783 401 2844 alatis
422 2783 518 2860 tetigit
537 2783 663 2858 magalia
682 2783 798 2860 plantis,

98 2868 227 2925 Aenean
246 2865 419 2924 fundantem
441 2883 522 2923 arces
542 2883 578 2922 ac
599 2874 678 2923 tecta
698 2874 857 2922 novantem
1038 2862 1095 2921 260

100 2943 274 3021 Conspicit:
304 2955 393 3020 atque
413 2943 454 3003 illi
475 2945 606 3004 stellatus
625 2943 739 3021 iaspide
758 2945 837 3002 fulva

100 3024 192 3086 Ensis
213 3035 282 3097 erat,
305 3024 454 3101 Tyrioque
475 3024 597 3084 ardebat
616 3025 728 3084 murice
748 3024 842 3096 laena,

99 3104 242 3166 Demissa
262 3123 298 3163 ex
317 3104 434 3174 umeris,
452 3105 538 3164 dives
559 3123 636 3180 quae
656 3123 779 3164 munera
800 3103 882 3164 Dido

99 3190 227 3248 Fecerat
247 3195 277 3243 et
297 3185 379 3244 tenui
399 3186 473 3244 telas
493 3183 670 3244 discreverat
689 3203 769 3244 auro.
991 3233 993 3238 .

100 3265 257 3328 Continuo
276 3263 405 3323 invadit:
435 3267 495 3323 ‘Tu
515 3283 596 3323 nunc
617 3262 800 3340 Carthaginis
820 3265 897 3321 altae
1037 3265 1093 3334 265

102 3345 325 3408 ‘Fundamenta
345 3346 434 3416 locas,
456 3345 668 3420 pulchramque
689 3343 807 3402 uxorius
828 3342 931 3399 urbem

165 3479 189 3524 s.
206 3478 231 3520 v.
249 3479 268 3522 1.
964 3467 999 3525 Ι5
