2494 3702
146 101 200 154 124
362 85 365 90 ’
406 91 442 148 P.
473 90 664 150 VERGILI
679 89 891 150 MARONJS

186 219 277 293 Quod
298 231 438 296 superest,
463 238 669 295 quaecumque
689 239 807 295 premes
830 218 955 296 virgulta
972 240 1026 297 per
1045 241 1152 299 agros

145 298 254 375 Sparge
278 300 349 358 fimo
370 298 481 376 pingui,
504 309 533 358 et
557 301 652 358 multa
673 318 788 359 mernor
811 300 915 359 occule
939 313 1025 372 terra,

146 381 205 438 Aut
228 378 356 454 lapidem
381 377 516 438 bibulum
541 390 591 438 aut
614 379 782 455 squalentes
804 379 906 440 infode
928 381 1082 439 conchas:

148 459 230 516 Inter
252 457 332 517 enim
354 458 490 517 labentur
513 477 617 534 aquae,
643 459 798 535 tenuisque
820 459 929 519 subibit

148 537 276 608 Halitus,
298 548 387 613 atque
411 537 527 596 animos
549 539 654 598 tollent
679 551 750 597 sata.
794 541 918 615 Iamque
940 539 1059 617 reperti,
1084 558 1151 617 350

147 617 207 691 Qui
229 636 301 676 saxo
324 637 412 694 super
435 628 524 693 atque
549 617 676 694 ingentis
697 620 830 694 pondere
854 630 948 680 testae

148 699 333 774 Urguerent:
367 699 426 757 hoc
449 700 558 757 effusos
581 697 734 757 munimen
758 701 798 758 ad
823 699 939 772 imbres,

148 779 227 849 Hoc,
249 777 301 837 ubi
324 777 423 836 hiulca
446 777 494 837 siti
515 778 600 837 findit
624 778 715 839 Canis
737 779 853 838 aestifer
876 798 952 838 arva

186 858 353 918 Seminibus
376 856 481 934 positis
506 869 639 934 superest
663 857 802 918 diducere
825 869 931 918 terram

147 938 268 1014 Saepius
292 939 332 997 ad
354 936 452 1013 capita
476 949 506 997 et
530 940 620 997 duros
641 937 748 997 iactare
768 938 913 1011 bidentes,
1061 1011 1063 1016 ι
1085 958 1149 1018 355

148 1020 208 1076 Aut
232 1037 332 1094 presso
357 1036 492 1077 exercere
516 1019 612 1077 solum
635 1019 690 1077 sub
712 1037 832 1078 vomere
856 1031 886 1078 et
909 1018 974 1095 ipsa

149 1100 281 1157 Flectere
304 1100 448 1156 luctantes
472 1098 548 1156 inter
567 1097 667 1156 vineta
687 1097 847 1171 iuvencos3

148 1180 226 1236 Turn
250 1179 330 1237 leues
361 1179 491 1237 calamos
514 1188 544 1236 et
566 1197 649 1237 rasae
673 1177 788 1237 hastilia
809 1179 905 1254 virgae

39 1296 43 1304 ι
149 1256 366 1334 Fraxineasquc
390 1268 492 1332 aptare
513 1259 601 1316 sudes
623 1260 777 1334 furcasque
799 1260 939 1332 valentes,

148 1337 267 1397 Viribus
290 1337 362 1397 eniti
385 1357 509 1413 quarum
531 1348 560 1397 et
582 1348 773 1398 contemnere
796 1349 900 1398 ventos
1085 1342 1148 1415 360

149 1420 335 1478 Adsuescant
359 1436 548 1492 summasque
571 1418 655 1494 sequi
677 1419 809 1477 tabulata
833 1437 885 1494 per
908 1420 1013 1478 ulmos.

189 1502 234 1558 Ac
256 1501 328 1559 dum
351 1498 447 1574 prima
468 1499 553 1557 novis
577 1499 719 1558 adolescit
741 1498 894 1557 frondibus
916 1511 1006 1574 aetas,

151 1580 336 1638 Parcendum
359 1577 475 1651 teneris,
498 1589 528 1636 et
553 1578 625 1637 dum
647 1597 679 1638 se
702 1577 795 1638 laetus
818 1581 857 1637 ad
881 1598 964 1638 auras

151 1660 268 1721 Palmes
286 1658 346 1734 agit
366 1659 438 1716 laxis
459 1677 512 1732 per
533 1677 638 1734 purum
660 1658 809 1718 immissus
833 1659 964 1732 habenis,

152 1743 223 1816 Ipsa
242 1740 306 1799 acie
326 1739 460 1798 nondum
480 1738 562 1797 falcis
583 1739 764 1814 temptanda,
786 1738 840 1797 sed
860 1738 944 1798 uncis
1083 1743 1142 1814 365

152 1823 326 1896 Carpendae
350 1819 486 1877 manibus
508 1820 628 1878 frondes
652 1818 786 1894 interque
807 1819 959 1894 legendae.

152 1901 228 1959 Inde
250 1900 302 1959 ubi
322 1899 381 1957 iam
401 1897 505 1957 validis
525 1900 679 1974 amplexae
700 1897 838 1972 stirpibus
859 1899 955 1957 ulmos

152 1979 291 2053 Exierint,
316 1992 379 2039 turn
400 1977 508 2054 stringe
530 1997 638 2050 comas,
660 1988 723 2036 tum
747 1978 885 2036 bracchia
903 1977 1013 2037 tonde:

151 2063 230 2120 Ante
253 2059 443 2120 reformidant
467 2060 594 2132 ferrum:
625 2070 689 2116 tum
713 2058 842 2132 denique
866 2057 955 2117 dura*

152 2144 263 2201 Exerce
285 2139 407 2216 imperia
429 2150 458 2198 et
478 2153 576 2197 ramos
597 2156 755 2213 compesce
776 2138 909 2197 fluentes.
1084 2155 1143 2212 370

191 2223 352 2280 Texendae
376 2238 478 2294 saepes
502 2219 590 2277 etiam
616 2229 646 2277 et
666 2235 757 2293 pecus
779 2236 869 2276 omne
891 2217 1061 2288 tenendum,

152 2301 311 2376 Praecipue
335 2300 407 2358 dum
429 2300 509 2357 frons
532 2309 634 2358 tenera
654 2296 886 2373 imprudensque
910 2297 1062 2368 laborum5

153 2381 210 2440 Cui
233 2400 320 2456 super
343 2378 479 2452 indignas
500 2378 613 2437 hiemes
634 2379 787 2453 solemque
809 2387 963 2452 potentem

153 2461 302 2520 Silvestres
325 2458 369 2516 uri
390 2459 514 2517 adsidue
535 2476 719 2533 capreaeque
743 2476 885 2532 sequaces

155 2540 304 2609 Inludunt‚
326 2549 486 2614 pascuntur
506 2557 577 2596 oves
597 2537 761 2614 avidaeque
781 2537 931 2596 iuvencae.
1084 2551 1138 2617 375

154 2619 272 2696 Frigora
293 2637 349 2678 nec
369 2628 484 2676 tantum
505 2635 580 2676 cana
600 2628 738 2678 concreta
758 2616 864 2692 pruina

154 2703 214 2758 Aut
236 2697 328 2775 gravis
350 2696 524 2756 incumbens
547 2698 676 2772 scopulis
700 2696 849 2756 arentibus
871 2706 974 2767 aestas,

155 2781 306 2854 Quantum
326 2777 368 2836 illi
389 2795 517 2837 nocuere
536 2795 637 2852 greges
659 2775 782 2851 durique
802 2795 949 2835 venenum

155 2859 261 2918 Dentis
285 2868 314 2918 et
334 2859 473 2917 admorso
494 2855 609 2932 signata
630 2855 660 2912 in
681 2856 771 2930 stirpe
792 2854 918 2915 cicatrix.

155 2941 226 2999 Non
245 2937 332 2996 aliam
353 2939 393 2997 ob
414 2936 672 3013 culpamBaccho
693 2954 781 3010 caper
801 2935 945 2995 omnibus·
959 2931 1015 2992 aris
1084 2935 1139 3008 380

155 3018 302 3088 Caeditur,
325 3027 355 3076 et
375 3028 487 3076 veteres
509 3015 612 3074 ineunt
633 3014 807 3091 proscaenia
826 3013 897 3082 ludi,

155 3097 347 3170 Praemiaque
368 3094 492 3168 ingeniis
513 3112 606 3167 pagos
628 3105 657 3152 et
677 3095 809 3168 compita
828 3093 939 3151 circum

154 3174 302 3234 Thesidae
323 3190 457 3246 posuere,
480 3181 568 3244 atque
589 3171 665 3230 inter
684 3174 792 3244 pocula
812 3171 882 3230 laeti

156 3252 299 3311 Mollibus
320 3249 350 3306 in
371 3248 460 3322 pratis
481 3257 587 3305 unctos
608 3251 719 3306 saluere
740 3268 793 3323 per
811 3259 898 3308 utres.

156 3332 222 3390 Nec
242 3346 303 3385 non
323 3324 449 3383 Ausonii
468 3323 557 3383 Troia
576 3331 649 3398 gens
669 3326 759 3384 rnissa
778 3328 878 3385 coloni
1085 3333 1137 3408 385
