<?xml version="1.0" encoding="UTF-8"?>
<!DOCTYPE html PUBLIC "-//W3C//DTD XHTML 1.0 Transitional//EN"
    "http://www.w3.org/TR/xhtml1/DTD/xhtml1-transitional.dtd">
<html xmlns="http://www.w3.org/1999/xhtml" xml:lang="en" lang="en">
 <head>
  <title>
</title>
<meta http-equiv="Content-Type" content="text/html;charset=utf-8" />
  <meta name='ocr-system' content='tesseract 3.04.00' />
  <meta name='ocr-capabilities' content='ocr_page ocr_carea ocr_par ocr_line ocrx_word'/>
</head>
<body>
  <div class='ocr_page' id='page_1' title='image "./pvergilimaronis13virggoog/pvergilimaronis13virggoog_0088.png"; bbox 0 0 2494 3702; ppageno 0'>
   <div class='ocr_carea' id='block_1_1' title="bbox 598 0 616 14">
    <p class='ocr_par' dir='ltr' id='par_1_1' title="bbox 598 0 616 14">
     <span class='ocr_line' id='line_1_1' title="bbox 598 0 616 14; baseline 0 -6"><span class='ocrx_word' id='word_1_1' title='bbox 598 0 616 14; x_wconf 50' lang='lat' dir='ltr'><strong>¹¹v</strong></span> 
     </span>
    </p>
   </div>
   <div class='ocr_carea' id='block_1_2' title="bbox 75 27 840 152">
    <p class='ocr_par' dir='ltr' id='par_1_2' title="bbox 75 27 840 152">
     <span class='ocr_line' id='line_1_2' title="bbox 75 27 840 152; baseline -0.001 -25"><span class='ocrx_word' id='word_1_2' title='bbox 75 27 215 152; x_wconf 46' lang='lat' dir='ltr'><strong>l&amp;</strong></span> <span class='ocrx_word' id='word_1_3' title='bbox 397 67 634 127; x_wconf 73' lang='lat' dir='ltr'><strong>Bucorrcn</strong></span> <span class='ocrx_word' id='word_1_4' title='bbox 676 68 772 126; x_wconf 74' lang='lat' dir='ltr'><strong>Ecr.</strong></span> <span class='ocrx_word' id='word_1_5' title='bbox 795 69 840 126; x_wconf 73' lang='grc' dir='ltr'><strong>Η.</strong></span> 
     </span>
    </p>
   </div>
   <div class='ocr_carea' id='block_1_3' title="bbox 2 212 1113 2048">
    <p class='ocr_par' dir='ltr' id='par_1_3' title="bbox 81 212 1113 698">
     <span class='ocr_line' id='line_1_3' title="bbox 117 212 769 281; baseline 0 -5"><span class='ocrx_word' id='word_1_6' title='bbox 117 212 181 277; x_wconf 84' lang='lat' dir='ltr'><strong>Ant</strong></span> <span class='ocrx_word' id='word_1_7' title='bbox 242 220 375 278; x_wconf 88' lang='lat' dir='ltr'><strong>ererratis</strong></span> <span class='ocrx_word' id='word_1_8' title='bbox 414 220 551 281; x_wconf 87' lang='lat' dir='ltr'><strong>mbomm</strong></span> <span class='ocrx_word' id='word_1_9' title='bbox 571 219 680 277; x_wconf 90' lang='lat' dir='ltr'><strong>finibus</strong></span> <span class='ocrx_word' id='word_1_10' title='bbox 701 219 769 277; x_wconf 90' lang='lat' dir='ltr'><strong>exul</strong></span> 
     </span>
     <span class='ocr_line' id='line_1_4' title="bbox 81 292 956 374; baseline 0.002 -20"><span class='ocrx_word' id='word_1_11' title='bbox 81 352 85 360; x_wconf 89' lang='grc'><strong><em>,</em></strong></span> <span class='ocrx_word' id='word_1_12' title='bbox 117 299 182 355; x_wconf 90' lang='lat' dir='ltr'><strong>Aut</strong></span> <span class='ocrx_word' id='word_1_13' title='bbox 227 292 361 361; x_wconf 70' lang='lat' dir='ltr'><strong>rarimP</strong></span> <span class='ocrx_word' id='word_1_14' title='bbox 407 301 461 357; x_wconf 91' lang='lat' dir='ltr'><strong>hus</strong></span> <span class='ocrx_word' id='word_1_15' title='bbox 481 299 564 357; x_wconf 89' lang='lat' dir='ltr'><strong>bibet</strong></span> <span class='ocrx_word' id='word_1_16' title='bbox 584 309 636 355; x_wconf 90' lang='lat' dir='ltr'><strong>aut</strong></span> <span class='ocrx_word' id='word_1_17' title='bbox 656 295 816 356; x_wconf 80' lang='lat' dir='ltr'><strong>Germania</strong></span> <span class='ocrx_word' id='word_1_18' title='bbox 835 296 956 374; x_wconf 83' lang='lat' dir='ltr'>Tigrim,</span> 
     </span>
     <span class='ocr_line' id='line_1_5' title="bbox 118 377 835 466; baseline 0.001 -33"><span class='ocrx_word' id='word_1_19' title='bbox 118 377 220 450; x_wconf 84' lang='lat' dir='ltr'><strong>Quam</strong></span> <span class='ocrx_word' id='word_1_20' title='bbox 240 387 342 442; x_wconf 89' lang='lat' dir='ltr'><strong>nostro</strong></span> <span class='ocrx_word' id='word_1_21' title='bbox 458 377 574 466; x_wconf 73' lang='lat' dir='ltr'><strong>labatuy</strong></span> <span class='ocrx_word' id='word_1_22' title='bbox 591 387 712 452; x_wconf 89' lang='lat' dir='ltr'>pectore</span> <span class='ocrx_word' id='word_1_23' title='bbox 731 379 835 436; x_wconf 89' lang='lat' dir='ltr'><strong>vultus.</strong></span> 
     </span>
     <span class='ocr_line' id='line_1_6' title="bbox 159 454 1113 534; baseline 0.004 -20"><span class='ocrx_word' id='word_1_24' title='bbox 159 457 209 514; x_wconf 88' lang='lat' dir='ltr'><strong>M.</strong></span> <span class='ocrx_word' id='word_1_25' title='bbox 237 459 278 513; x_wconf 90' lang='lat' dir='ltr'><strong>At</strong></span> <span class='ocrx_word' id='word_1_26' title='bbox 297 473 354 516; x_wconf 93' lang='lat' dir='ltr'><strong>nos</strong></span> <span class='ocrx_word' id='word_1_27' title='bbox 374 457 444 516; x_wconf 90' lang='lat' dir='ltr'><strong>hinc</strong></span> <span class='ocrx_word' id='word_1_28' title='bbox 463 455 514 516; x_wconf 88' lang='lat' dir='ltr'><strong>alii</strong></span> <span class='ocrx_word' id='word_1_29' title='bbox 534 454 664 515; x_wconf 79' lang='lat' dir='ltr'><strong>sitientes</strong></span> <span class='ocrx_word' id='word_1_30' title='bbox 684 455 792 515; x_wconf 87' lang='lat' dir='ltr'><strong>ibimus</strong></span> <span class='ocrx_word' id='word_1_31' title='bbox 811 457 908 528; x_wconf 80' lang='lat' dir='ltr'><strong>Afros,</strong></span> <span class='ocrx_word' id='word_1_32' title='bbox 1076 462 1113 534; x_wconf 85' lang='lat'><strong>65</strong></span> 
     </span>
     <span class='ocr_line' id='line_1_7' title="bbox 116 534 992 611; baseline 0.005 -19"><span class='ocrx_word' id='word_1_33' title='bbox 116 535 142 592; x_wconf 91' lang='lat' dir='ltr'>P</span> <span class='ocrx_word' id='word_1_34' title='bbox 249 535 360 610; x_wconf 83' lang='lat' dir='ltr'><strong>ythiam</strong></span> <span class='ocrx_word' id='word_1_35' title='bbox 381 547 411 595; x_wconf 92' lang='lat' dir='ltr'><strong>et</strong></span> <span class='ocrx_word' id='word_1_36' title='bbox 430 535 567 611; x_wconf 91' lang='lat' dir='ltr'><strong>rapidum</strong></span> <span class='ocrx_word' id='word_1_37' title='bbox 589 536 696 595; x_wconf 81' lang='lat' dir='ltr'><strong>Cretae</strong></span> <span class='ocrx_word' id='word_1_38' title='bbox 715 534 867 595; x_wconf 87' lang='lat' dir='ltr'>veniemus</span> <span class='ocrx_word' id='word_1_39' title='bbox 888 537 992 597; x_wconf 88' lang='lat' dir='ltr'><strong>Oaxen</strong></span> 
     </span>
     <span class='ocr_line' id='line_1_8' title="bbox 94 614 792 698; baseline 0.004 -26"><span class='ocrx_word' id='word_1_40' title='bbox 94 615 159 698; x_wconf 41' lang='lat' dir='ltr'><strong>„lt</strong></span> <span class='ocrx_word' id='word_1_41' title='bbox 201 625 297 673; x_wconf 89' lang='lat' dir='ltr'><strong>enrtus</strong></span> <span class='ocrx_word' id='word_1_42' title='bbox 318 625 383 675; x_wconf 89' lang='lat' dir='ltr'><strong>toto</strong></span> <span class='ocrx_word' id='word_1_43' title='bbox 402 615 513 675; x_wconf 90' lang='lat' dir='ltr'><strong>divisos</strong></span> <span class='ocrx_word' id='word_1_44' title='bbox 534 616 605 674; x_wconf 90' lang='lat' dir='ltr'><strong>orbe</strong></span> <span class='ocrx_word' id='word_1_45' title='bbox 626 614 792 676; x_wconf 88' lang='lat' dir='ltr'><strong>Britannos.</strong></span> 
     </span>
    </p>

    <p class='ocr_par' dir='ltr' id='par_1_4' title="bbox 2 633 1111 1474">
     <span class='ocr_line' id='line_1_9' title="bbox 76 633 915 770; baseline 0.003 -18.838"><span class='ocrx_word' id='word_1_46' title='bbox 76 677 81 711; x_wconf 64' lang='lat'><strong><em>¹</em></strong></span> <span class='ocrx_word' id='word_1_47' title='bbox 98 633 329 769; x_wconf 58' lang='lat' dir='ltr'><strong>hipnmquam</strong></span> <span class='ocrx_word' id='word_1_48' title='bbox 418 695 461 754; x_wconf 87' lang='lat' dir='ltr'><strong>&#39;os</strong></span> <span class='ocrx_word' id='word_1_49' title='bbox 481 696 571 770; x_wconf 88' lang='lat' dir='ltr'><strong>longo</strong></span> <span class='ocrx_word' id='word_1_50' title='bbox 592 705 660 770; x_wconf 91' lang='lat' dir='ltr'><strong>post</strong></span> <span class='ocrx_word' id='word_1_51' title='bbox 679 705 813 770; x_wconf 90' lang='lat' dir='ltr'><strong>tempore</strong></span> <span class='ocrx_word' id='word_1_52' title='bbox 832 696 915 767; x_wconf 89' lang='lat' dir='ltr'><strong>fines,</strong></span> 
     </span>
     <span class='ocr_line' id='line_1_10' title="bbox 117 705 964 850; baseline 0.001 -19"><span class='ocrx_word' id='word_1_53' title='bbox 117 773 260 850; x_wconf 90' lang='lat' dir='ltr'><strong>Pauperis</strong></span> <span class='ocrx_word' id='word_1_54' title='bbox 280 784 310 833; x_wconf 93' lang='lat' dir='ltr'><strong>et</strong></span> <span class='ocrx_word' id='word_1_55' title='bbox 330 705 426 850; x_wconf 32' lang='grc' dir='ltr'><strong>τῇ</strong></span> <span class='ocrx_word' id='word_1_56' title='bbox 433 771 621 850; x_wconf 80' lang='lat' dir='ltr'><strong>(congestum</strong></span> <span class='ocrx_word' id='word_1_57' title='bbox 640 773 753 850; x_wconf 89' lang='lat' dir='ltr'><strong>cespite</strong></span> <span class='ocrx_word' id='word_1_58' title='bbox 772 741 964 850; x_wconf 52' lang='lat' dir='ltr'><strong>culmenh&#39;i</strong></span> 
     </span>
     <span class='ocr_line' id='line_1_11' title="bbox 118 851 1111 930; baseline 0.003 -19"><span class='ocrx_word' id='word_1_59' title='bbox 118 855 193 912; x_wconf 92' lang='lat' dir='ltr'><strong>Post</strong></span> <span class='ocrx_word' id='word_1_60' title='bbox 212 853 326 928; x_wconf 89' lang='lat' dir='ltr'><strong>aliquot</strong></span> <span class='ocrx_word' id='word_1_61' title='bbox 346 874 413 913; x_wconf 85' lang='lat' dir='ltr'><strong>mea</strong></span> <span class='ocrx_word' id='word_1_62' title='bbox 432 873 523 930; x_wconf 83' lang='lat' dir='ltr'><strong>regna</strong></span> <span class='ocrx_word' id='word_1_63' title='bbox 543 853 646 912; x_wconf 92' lang='lat' dir='ltr'><strong>videns</strong></span> <span class='ocrx_word' id='word_1_64' title='bbox 667 853 795 913; x_wconf 88' lang='lat' dir='ltr'><strong>mirabor</strong></span> <span class='ocrx_word' id='word_1_65' title='bbox 814 851 940 913; x_wconf 85' lang='lat' dir='ltr'><strong>aristas?</strong></span> <span class='ocrx_word' id='word_1_66' title='bbox 1074 874 1111 930; x_wconf 83' lang='lat'><strong>70</strong></span> 
     </span>
     <span class='ocr_line' id='line_1_12' title="bbox 119 933 900 1049; baseline 0.003 -59"><span class='ocrx_word' id='word_1_67' title='bbox 119 933 234 1008; x_wconf 90' lang='lat' dir='ltr'><strong>Impius</strong></span> <span class='ocrx_word' id='word_1_68' title='bbox 254 935 329 992; x_wconf 88' lang='lat' dir='ltr'><strong>haec</strong></span> <span class='ocrx_word' id='word_1_69' title='bbox 350 945 410 993; x_wconf 89' lang='lat' dir='ltr'><strong>tam</strong></span> <span class='ocrx_word' id='word_1_70' title='bbox 431 937 499 1049; x_wconf 42' lang='lat' dir='ltr'><strong>culp</strong></span> <span class='ocrx_word' id='word_1_71' title='bbox 523 933 645 1018; x_wconf 31' lang='lat' dir='ltr'><strong>‚novalia</strong></span> <span class='ocrx_word' id='word_1_72' title='bbox 665 933 750 992; x_wconf 91' lang='lat' dir='ltr'><strong>miles</strong></span> <span class='ocrx_word' id='word_1_73' title='bbox 771 935 900 1007; x_wconf 88' lang='lat' dir='ltr'><strong>habebit,</strong></span> 
     </span>
     <span class='ocr_line' id='line_1_13' title="bbox 119 1013 908 1090; baseline 0.004 -20"><span class='ocrx_word' id='word_1_74' title='bbox 119 1013 266 1071; x_wconf 88' lang='lat' dir='ltr'><strong>Barbarus</strong></span> <span class='ocrx_word' id='word_1_75' title='bbox 286 1016 340 1072; x_wconf 90' lang='lat' dir='ltr'><strong>has</strong></span> <span class='ocrx_word' id='word_1_76' title='bbox 361 1024 473 1090; x_wconf 85' lang='lat' dir='ltr'><strong>segetes</strong></span> <span class='ocrx_word' id='word_1_77' title='bbox 486 1015 559 1074; x_wconf 81' lang='lat' dir='ltr'><strong>.&#39;¹en</strong></span> <span class='ocrx_word' id='word_1_78' title='bbox 580 1031 642 1089; x_wconf 93' lang='lat' dir='ltr'><strong>quo</strong></span> <span class='ocrx_word' id='word_1_79' title='bbox 662 1013 809 1072; x_wconf 88' lang='lat' dir='ltr'><strong>discordia</strong></span> <span class='ocrx_word' id='word_1_80' title='bbox 829 1014 908 1073; x_wconf 91' lang='lat' dir='ltr'><strong>cives</strong></span> 
     </span>
     <span class='ocr_line' id='line_1_14' title="bbox 118 1092 929 1168; baseline 0.001 -17"><span class='ocrx_word' id='word_1_81' title='bbox 118 1092 263 1152; x_wconf 90' lang='lat' dir='ltr'><strong>Produxit</strong></span> <span class='ocrx_word' id='word_1_82' title='bbox 283 1093 413 1166; x_wconf 90' lang='lat' dir='ltr'><strong>miseros,</strong></span> <span class='ocrx_word' id='word_1_83' title='bbox 436 1093 482 1152; x_wconf 90' lang='lat' dir='ltr'><strong>his</strong></span> <span class='ocrx_word' id='word_1_84' title='bbox 502 1112 558 1153; x_wconf 92' lang='lat' dir='ltr'><strong>nos</strong></span> <span class='ocrx_word' id='word_1_85' title='bbox 579 1093 766 1152; x_wconf 73' lang='lat' dir='ltr'><strong>consevimus</strong></span> <span class='ocrx_word' id='word_1_86' title='bbox 786 1097 889 1168; x_wconf 87' lang='lat' dir='ltr'><strong>agrosl</strong></span> <span class='ocrx_word' id='word_1_87' title='bbox 926 1095 929 1104; x_wconf 92' lang='lat'>&#39;</span> 
     </span>
     <span class='ocr_line' id='line_1_15' title="bbox 119 1171 965 1250; baseline 0.002 -20"><span class='ocrx_word' id='word_1_88' title='bbox 119 1173 222 1231; x_wconf 90' lang='lat' dir='ltr'><strong>Insere</strong></span> <span class='ocrx_word' id='word_1_89' title='bbox 243 1191 330 1247; x_wconf 88' lang='lat' dir='ltr'><strong>nunc,</strong></span> <span class='ocrx_word' id='word_1_90' title='bbox 354 1174 512 1245; x_wconf 87' lang='lat' dir='ltr'><strong>Meliboee,</strong></span> <span class='ocrx_word' id='word_1_91' title='bbox 534 1171 631 1250; x_wconf 89' lang='lat' dir='ltr'><strong>piros:</strong></span> <span class='ocrx_word' id='word_1_92' title='bbox 658 1192 739 1248; x_wconf 90' lang='lat' dir='ltr'><strong>pone</strong></span> <span class='ocrx_word' id='word_1_93' title='bbox 760 1173 863 1232; x_wconf 90' lang='lat' dir='ltr'><strong>ordine</strong></span> <span class='ocrx_word' id='word_1_94' title='bbox 883 1173 965 1232; x_wconf 90' lang='lat' dir='ltr'><strong>vites.</strong></span> 
     </span>
     <span class='ocr_line' id='line_1_16' title="bbox 119 1251 1110 1330; baseline 0.001 -20"><span class='ocrx_word' id='word_1_95' title='bbox 119 1253 168 1310; x_wconf 94' lang='lat' dir='ltr'><strong>Ite</strong></span> <span class='ocrx_word' id='word_1_96' title='bbox 187 1271 280 1326; x_wconf 86' lang='lat' dir='ltr'><strong>meae,</strong></span> <span class='ocrx_word' id='word_1_97' title='bbox 304 1252 372 1312; x_wconf 88' lang='lat' dir='ltr'><strong>selix</strong></span> <span class='ocrx_word' id='word_1_98' title='bbox 392 1254 545 1330; x_wconf 90' lang='lat' dir='ltr'><strong>quondam</strong></span> <span class='ocrx_word' id='word_1_99' title='bbox 566 1271 665 1329; x_wconf 92' lang='lat' dir='ltr'><strong>pecus,</strong></span> <span class='ocrx_word' id='word_1_100' title='bbox 686 1251 727 1312; x_wconf 92' lang='lat' dir='ltr'><strong>ite</strong></span> <span class='ocrx_word' id='word_1_101' title='bbox 748 1253 888 1329; x_wconf 85' lang='lat' dir='ltr'><strong>capellae.</strong></span> <span class='ocrx_word' id='word_1_102' title='bbox 1075 1271 1110 1330; x_wconf 82' lang='lat'><strong>75</strong></span> 
     </span>
     <span class='ocr_line' id='line_1_17' title="bbox 2 1331 934 1412; baseline -0.005 -17"><span class='ocrx_word' id='word_1_103' title='bbox 2 1377 3 1386; x_wconf 24' lang='grc' dir='ltr'><strong>η</strong></span> <span class='ocrx_word' id='word_1_104' title='bbox 327 1353 345 1412; x_wconf 31' lang='lat' dir='ltr'><strong>s,</strong></span> <span class='ocrx_word' id='word_1_105' title='bbox 361 1335 487 1409; x_wconf 92' lang='lat' dir='ltr'><strong>posthac</strong></span> <span class='ocrx_word' id='word_1_106' title='bbox 506 1332 592 1392; x_wconf 90' lang='lat' dir='ltr'><strong>viridi</strong></span> <span class='ocrx_word' id='word_1_107' title='bbox 611 1331 760 1409; x_wconf 89' lang='lat' dir='ltr'><strong>proiectus</strong></span> <span class='ocrx_word' id='word_1_108' title='bbox 780 1333 812 1392; x_wconf 88' lang='lat' dir='ltr'><strong>in</strong></span> <span class='ocrx_word' id='word_1_109' title='bbox 831 1345 934 1391; x_wconf 84' lang='lat' dir='ltr'><strong>antro·</strong></span> 
     </span>
     <span class='ocr_line' id='line_1_18' title="bbox 79 1401 831 1474; baseline 0.002 -3.814"><span class='ocrx_word' id='word_1_110' title='bbox 79 1414 93 1465; x_wconf 90' lang='grc'><strong>’.</strong></span> <span class='ocrx_word' id='word_1_111' title='bbox 150 1417 263 1472; x_wconf 70' lang='grc' dir='ltr'>ιιωοεῖῐ</span> <span class='ocrx_word' id='word_1_112' title='bbox 296 1401 406 1474; x_wconf 71' lang='lat' dir='ltr'><strong>‘ebde‘re</strong></span> <span class='ocrx_word' id='word_1_113' title='bbox 449 1415 531 1474; x_wconf 90' lang='lat' dir='ltr'><strong>rocul</strong></span> <span class='ocrx_word' id='word_1_114' title='bbox 551 1415 590 1473; x_wconf 94' lang='lat' dir='ltr'><strong>de</strong></span> <span class='ocrx_word' id='word_1_115' title='bbox 610 1432 643 1471; x_wconf 91' lang='lat' dir='ltr'><strong>ru</strong></span> <span class='ocrx_word' id='word_1_116' title='bbox 667 1433 683 1472; x_wconf 92' lang='lat' dir='ltr'><strong>e</strong></span> <span class='ocrx_word' id='word_1_117' title='bbox 704 1413 831 1472; x_wconf 89' lang='lat' dir='ltr'><strong>videbo·</strong></span> 
     </span>
    </p>

    <p class='ocr_par' dir='ltr' id='par_1_5' title="bbox 120 1494 993 1650">
     <span class='ocr_line' id='line_1_19' title="bbox 164 1494 993 1592; baseline 0.002 -42"><span class='ocrx_word' id='word_1_118' title='bbox 164 1511 260 1551; x_wconf 89' lang='lat' dir='ltr'><strong>rmrna</strong></span> <span class='ocrx_word' id='word_1_119' title='bbox 279 1495 359 1582; x_wconf 59' lang='lat' dir='ltr'><strong>nulla</strong></span> <span class='ocrx_word' id='word_1_120' title='bbox 379 1513 485 1555; x_wconf 89' lang='lat' dir='ltr'><strong>canam</strong></span> <span class='ocrx_word' id='word_1_121' title='bbox 495 1514 504 1566; x_wconf 79' lang='lat'>3</span> <span class='ocrx_word' id='word_1_122' title='bbox 531 1513 593 1553; x_wconf 87' lang='lat' dir='ltr'><strong>non</strong></span> <span class='ocrx_word' id='word_1_123' title='bbox 614 1513 670 1592; x_wconf 49' lang='lat' dir='ltr'><strong>Me.</strong></span> <span class='ocrx_word' id='word_1_124' title='bbox 683 1505 831 1575; x_wconf 82' lang='lat' dir='ltr'><strong>pascente,</strong></span> <span class='ocrx_word' id='word_1_125' title='bbox 853 1494 993 1569; x_wconf 89' lang='lat' dir='ltr'><strong>capellae,</strong></span> 
     </span>
     <span class='ocr_line' id='line_1_20' title="bbox 120 1563 898 1650; baseline 0 -20"><span class='ocrx_word' id='word_1_126' title='bbox 120 1573 289 1632; x_wconf 73' lang='lat' dir='ltr'><strong>Florentem</strong></span> <span class='ocrx_word' id='word_1_127' title='bbox 310 1573 436 1650; x_wconf 88' lang='lat' dir='ltr'><strong>cytisum</strong></span> <span class='ocrx_word' id='word_1_128' title='bbox 456 1585 487 1632; x_wconf 95' lang='lat' dir='ltr'><strong>et</strong></span> <span class='ocrx_word' id='word_1_129' title='bbox 507 1573 610 1632; x_wconf 90' lang='lat' dir='ltr'><strong>salices</strong></span> <span class='ocrx_word' id='word_1_130' title='bbox 631 1563 756 1648; x_wconf 63' lang='lat' dir='ltr'><strong>carpetis</strong></span> <span class='ocrx_word' id='word_1_131' title='bbox 776 1591 898 1631; x_wconf 76' lang='lat' dir='ltr'><strong>amarae.</strong></span> 
     </span>
    </p>

    <p class='ocr_par' dir='ltr' id='par_1_6' title="bbox 119 1651 1113 2048">
     <span class='ocr_line' id='line_1_21' title="bbox 163 1651 1113 1730; baseline 0.001 -21"><span class='ocrx_word' id='word_1_132' title='bbox 163 1654 195 1710; x_wconf 84' lang='grc' dir='ltr'><strong>Τ.</strong></span> <span class='ocrx_word' id='word_1_133' title='bbox 215 1653 277 1711; x_wconf 90' lang='lat' dir='ltr'><strong>Hic</strong></span> <span class='ocrx_word' id='word_1_134' title='bbox 287 1665 388 1713; x_wconf 89' lang='lat' dir='ltr'><strong>tamen</strong></span> <span class='ocrx_word' id='word_1_135' title='bbox 399 1655 475 1712; x_wconf 87' lang='lat' dir='ltr'><strong>hanc</strong></span> <span class='ocrx_word' id='word_1_136' title='bbox 486 1672 604 1712; x_wconf 90' lang='lat' dir='ltr'><strong>mecum</strong></span> <span class='ocrx_word' id='word_1_137' title='bbox 618 1664 735 1730; x_wconf 83' lang='lat' dir='ltr'><strong>poteras</strong></span> <span class='ocrx_word' id='word_1_138' title='bbox 747 1651 929 1728; x_wconf 89' lang='lat' dir='ltr'><strong>requiescere</strong></span> <span class='ocrx_word' id='word_1_139' title='bbox 940 1664 1059 1712; x_wconf 91' lang='lat' dir='ltr'><strong>noctem</strong></span> <span class='ocrx_word' id='word_1_140' title='bbox 1073 1655 1113 1710; x_wconf 90' lang='lat'><strong>80</strong></span> 
     </span>
     <span class='ocr_line' id='line_1_22' title="bbox 119 1732 899 1809; baseline 0.001 -19"><span class='ocrx_word' id='word_1_141' title='bbox 119 1733 237 1792; x_wconf 87' lang='lat' dir='ltr'><strong>Fronde</strong></span> <span class='ocrx_word' id='word_1_142' title='bbox 258 1752 346 1809; x_wconf 91' lang='lat' dir='ltr'><strong>super</strong></span> <span class='ocrx_word' id='word_1_143' title='bbox 366 1733 472 1793; x_wconf 90' lang='lat' dir='ltr'><strong>viridi:</strong></span> <span class='ocrx_word' id='word_1_144' title='bbox 501 1745 569 1792; x_wconf 92' lang='lat' dir='ltr'><strong>sunt</strong></span> <span class='ocrx_word' id='word_1_145' title='bbox 589 1733 676 1793; x_wconf 92' lang='lat' dir='ltr'><strong>nobis</strong></span> <span class='ocrx_word' id='word_1_146' title='bbox 696 1732 780 1792; x_wconf 89' lang='lat' dir='ltr'><strong>mitia</strong></span> <span class='ocrx_word' id='word_1_147' title='bbox 799 1751 899 1808; x_wconf 90' lang='lat' dir='ltr'><strong>poma,</strong></span> 
     </span>
     <span class='ocr_line' id='line_1_23' title="bbox 119 1797 829 1889; baseline -0.003 -17"><span class='ocrx_word' id='word_1_148' title='bbox 119 1797 285 1872; x_wconf 70' lang='lat' dir='ltr'><strong>Castiineae</strong></span> <span class='ocrx_word' id='word_1_149' title='bbox 305 1815 410 1874; x_wconf 92' lang='lat' dir='ltr'><strong>molles</strong></span> <span class='ocrx_word' id='word_1_150' title='bbox 430 1824 461 1873; x_wconf 89' lang='lat' dir='ltr'><strong>et</strong></span> <span class='ocrx_word' id='word_1_151' title='bbox 481 1813 572 1889; x_wconf 91' lang='lat' dir='ltr'><strong>pressi</strong></span> <span class='ocrx_word' id='word_1_152' title='bbox 594 1813 680 1888; x_wconf 70' lang='lat' dir='ltr'><strong>copia</strong></span> <span class='ocrx_word' id='word_1_153' title='bbox 700 1812 829 1871; x_wconf 53' lang='lat' dir='ltr'><strong>lactisle*</strong></span> 
     </span>
     <span class='ocr_line' id='line_1_24' title="bbox 119 1890 944 1969; baseline 0 -19"><span class='ocrx_word' id='word_1_154' title='bbox 119 1893 158 1950; x_wconf 91' lang='lat' dir='ltr'><strong>Et</strong></span> <span class='ocrx_word' id='word_1_155' title='bbox 178 1890 239 1951; x_wconf 92' lang='lat' dir='ltr'><strong>iam</strong></span> <span class='ocrx_word' id='word_1_156' title='bbox 259 1911 375 1952; x_wconf 89' lang='lat' dir='ltr'><strong>summa</strong></span> <span class='ocrx_word' id='word_1_157' title='bbox 395 1895 498 1969; x_wconf 90' lang='lat' dir='ltr'><strong>procul</strong></span> <span class='ocrx_word' id='word_1_158' title='bbox 518 1892 653 1952; x_wconf 88' lang='lat' dir='ltr'><strong>villarum</strong></span> <span class='ocrx_word' id='word_1_159' title='bbox 673 1892 802 1951; x_wconf 86' lang='lat' dir='ltr'><strong>culmina</strong></span> <span class='ocrx_word' id='word_1_160' title='bbox 822 1893 944 1963; x_wconf 86' lang='lat' dir='ltr'><strong>fumant,</strong></span> 
     </span>
     <span class='ocr_line' id='line_1_25' title="bbox 120 1970 905 2048; baseline 0.001 -20"><span class='ocrx_word' id='word_1_161' title='bbox 120 1970 309 2048; x_wconf 80' lang='lat' dir='ltr'><strong>Maioresque</strong></span> <span class='ocrx_word' id='word_1_162' title='bbox 328 1974 438 2032; x_wconf 90' lang='lat' dir='ltr'><strong>cadunt</strong></span> <span class='ocrx_word' id='word_1_163' title='bbox 458 1972 524 2032; x_wconf 86' lang='lat' dir='ltr'><strong>altis</strong></span> <span class='ocrx_word' id='word_1_164' title='bbox 545 1974 584 2032; x_wconf 93' lang='lat' dir='ltr'><strong>de</strong></span> <span class='ocrx_word' id='word_1_165' title='bbox 605 1971 756 2031; x_wconf 91' lang='lat' dir='ltr'><strong>montibus</strong></span> <span class='ocrx_word' id='word_1_166' title='bbox 776 1973 905 2031; x_wconf 88' lang='lat' dir='ltr'><strong>umbrae.</strong></span> 
     </span>
    </p>
   </div>
   <div class='ocr_carea' id='block_1_4' title="bbox 958 1359 1230 1466">
    <p class='ocr_par' dir='ltr' id='par_1_7' title="bbox 958 1359 1230 1466">
     <span class='ocr_line' id='line_1_26' title="bbox 958 1359 1230 1466; baseline -0.007 -45"><span class='ocrx_word' id='word_1_167' title='bbox 958 1359 1230 1466; x_wconf 44' lang='lat' dir='ltr'><strong>onheim*-</strong></span> 
     </span>
    </p>
   </div>
   <div class='ocr_carea' id='block_1_5' title="bbox 168 2229 950 2390">
    <p class='ocr_par' dir='ltr' id='par_1_8' title="bbox 168 2229 950 2390">
     <span class='ocr_line' id='line_1_27' title="bbox 168 2229 950 2390; baseline -0.116 2"><span class='ocrx_word' id='word_1_168' title='bbox 168 2229 405 2390; x_wconf 35' lang='lat' dir='ltr'><strong>lnfflim</strong></span> <span class='ocrx_word' id='word_1_169' title='bbox 479 2287 645 2348; x_wconf 76' lang='lat' dir='ltr'><strong>ncsoon</strong></span> <span class='ocrx_word' id='word_1_170' title='bbox 668 2288 710 2346; x_wconf 80' lang='grc' dir='ltr'><strong>Η,</strong></span> <span class='ocrx_word' id='word_1_171' title='bbox 742 2257 950 2360; x_wconf 36' lang='lat' dir='ltr'><strong>,narnien</strong></span> 
     </span>
    </p>
   </div>
   <div class='ocr_carea' id='block_1_6' title="bbox 118 2436 1108 3152">
    <p class='ocr_par' dir='ltr' id='par_1_9' title="bbox 119 2436 871 2515">
     <span class='ocr_line' id='line_1_28' title="bbox 119 2436 871 2515; baseline 0 -19"><span class='ocrx_word' id='word_1_172' title='bbox 119 2440 299 2498; x_wconf 68' lang='lat' dir='ltr'><strong>Formosum</strong></span> <span class='ocrx_word' id='word_1_173' title='bbox 320 2449 422 2514; x_wconf 89' lang='lat' dir='ltr'><strong>pastor</strong></span> <span class='ocrx_word' id='word_1_174' title='bbox 443 2439 584 2515; x_wconf 89' lang='lat' dir='ltr'><strong>Corydon</strong></span> <span class='ocrx_word' id='word_1_175' title='bbox 605 2439 727 2498; x_wconf 89' lang='lat' dir='ltr'><strong>ardebat</strong></span> <span class='ocrx_word' id='word_1_176' title='bbox 747 2436 871 2509; x_wconf 85' lang='lat' dir='ltr'><strong>Alexim,</strong></span> 
     </span>
    </p>

    <p class='ocr_par' dir='ltr' id='par_1_10' title="bbox 120 2518 887 2596">
     <span class='ocr_line' id='line_1_29' title="bbox 120 2518 887 2596; baseline 0 -19"><span class='ocrx_word' id='word_1_177' title='bbox 120 2518 250 2577; x_wconf 90' lang='lat' dir='ltr'><strong>Delicias</strong></span> <span class='ocrx_word' id='word_1_178' title='bbox 270 2519 403 2592; x_wconf 77' lang='lat' dir='ltr'><strong>domini,</strong></span> <span class='ocrx_word' id='word_1_179' title='bbox 431 2537 487 2578; x_wconf 90' lang='lat' dir='ltr'><strong>nec</strong></span> <span class='ocrx_word' id='word_1_180' title='bbox 507 2518 581 2594; x_wconf 91' lang='lat' dir='ltr'><strong>quid</strong></span> <span class='ocrx_word' id='word_1_181' title='bbox 600 2529 730 2596; x_wconf 85' lang='lat' dir='ltr'><strong>speraret</strong></span> <span class='ocrx_word' id='word_1_182' title='bbox 751 2519 887 2579; x_wconf 88' lang='lat' dir='ltr'><strong>habebat.</strong></span> 
     </span>
    </p>

    <p class='ocr_par' dir='ltr' id='par_1_11' title="bbox 118 2597 905 2675">
     <span class='ocr_line' id='line_1_30' title="bbox 118 2597 905 2675; baseline 0 -19"><span class='ocrx_word' id='word_1_183' title='bbox 118 2601 249 2657; x_wconf 91' lang='lat' dir='ltr'><strong>Tantum</strong></span> <span class='ocrx_word' id='word_1_184' title='bbox 271 2597 348 2658; x_wconf 91' lang='lat' dir='ltr'><strong>inter</strong></span> <span class='ocrx_word' id='word_1_185' title='bbox 367 2599 474 2656; x_wconf 90' lang='lat' dir='ltr'><strong>densas</strong></span> <span class='ocrx_word' id='word_1_186' title='bbox 494 2598 634 2658; x_wconf 87' lang='lat' dir='ltr'><strong>umbrosa</strong></span> <span class='ocrx_word' id='word_1_187' title='bbox 653 2597 810 2657; x_wconf 89' lang='lat' dir='ltr'><strong>cacumina</strong></span> <span class='ocrx_word' id='word_1_188' title='bbox 823 2601 905 2675; x_wconf 85' lang='lat' dir='ltr'><strong>fagos</strong></span> 
     </span>
    </p>

    <p class='ocr_par' dir='ltr' id='par_1_12' title="bbox 119 2675 873 2738">
     <span class='ocr_line' id='line_1_31' title="bbox 119 2675 873 2738; baseline 0 -2"><span class='ocrx_word' id='word_1_189' title='bbox 119 2677 246 2736; x_wconf 90' lang='lat' dir='ltr'><strong>Assidue</strong></span> <span class='ocrx_word' id='word_1_190' title='bbox 266 2677 411 2736; x_wconf 89' lang='lat' dir='ltr'><strong>veniebat.</strong></span> <span class='ocrx_word' id='word_1_191' title='bbox 455 2675 503 2737; x_wconf 88' lang='lat' dir='ltr'><strong>Ibi</strong></span> <span class='ocrx_word' id='word_1_192' title='bbox 523 2679 598 2737; x_wconf 89' lang='lat' dir='ltr'><strong>haec</strong></span> <span class='ocrx_word' id='word_1_193' title='bbox 618 2677 771 2738; x_wconf 89' lang='lat' dir='ltr'><strong>incondita</strong></span> <span class='ocrx_word' id='word_1_194' title='bbox 792 2681 873 2738; x_wconf 91' lang='lat' dir='ltr'><strong>solus</strong></span> 
     </span>
    </p>

    <p class='ocr_par' dir='ltr' id='par_1_13' title="bbox 119 2757 1108 2910">
     <span class='ocr_line' id='line_1_32' title="bbox 119 2757 1108 2831; baseline -0.001 -15"><span class='ocrx_word' id='word_1_195' title='bbox 119 2758 275 2817; x_wconf 90' lang='lat' dir='ltr'><strong>Montibus</strong></span> <span class='ocrx_word' id='word_1_196' title='bbox 295 2768 324 2817; x_wconf 93' lang='lat' dir='ltr'><strong>et</strong></span> <span class='ocrx_word' id='word_1_197' title='bbox 344 2757 422 2817; x_wconf 91' lang='lat' dir='ltr'><strong>silvis</strong></span> <span class='ocrx_word' id='word_1_198' title='bbox 443 2757 542 2818; x_wconf 91' lang='lat' dir='ltr'><strong>studio</strong></span> <span class='ocrx_word' id='word_1_199' title='bbox 561 2757 689 2817; x_wconf 89' lang='lat' dir='ltr'><strong>iactabat</strong></span> <span class='ocrx_word' id='word_1_200' title='bbox 709 2757 809 2816; x_wconf 88' lang='lat' dir='ltr'><strong>inani:</strong></span> <span class='ocrx_word' id='word_1_201' title='bbox 1092 2770 1108 2831; x_wconf 82' lang='lat'>5</span> 
     </span>
     <span class='ocr_line' id='line_1_33' title="bbox 159 2837 926 2910; baseline -0.004 -12"><span class='ocrx_word' id='word_1_202' title='bbox 159 2839 204 2898; x_wconf 92' lang='lat' dir='ltr'><strong>‘O</strong></span> <span class='ocrx_word' id='word_1_203' title='bbox 225 2837 351 2896; x_wconf 90' lang='lat' dir='ltr'><strong>crudelis</strong></span> <span class='ocrx_word' id='word_1_204' title='bbox 370 2837 467 2910; x_wconf 85' lang='lat' dir='ltr'><strong>Alexi,</strong></span> <span class='ocrx_word' id='word_1_205' title='bbox 487 2837 561 2896; x_wconf 91' lang='lat' dir='ltr'><strong>nihil</strong></span> <span class='ocrx_word' id='word_1_206' title='bbox 581 2857 648 2896; x_wconf 92' lang='lat' dir='ltr'><strong>mea</strong></span> <span class='ocrx_word' id='word_1_207' title='bbox 668 2838 800 2896; x_wconf 85' lang='lat' dir='ltr'><strong>carmina</strong></span> <span class='ocrx_word' id='word_1_208' title='bbox 820 2837 926 2896; x_wconf 83' lang='lat' dir='ltr'><strong>curas?</strong></span> 
     </span>
    </p>

    <p class='ocr_par' dir='ltr' id='par_1_14' title="bbox 119 2915 975 2998">
     <span class='ocr_line' id='line_1_34' title="bbox 119 2915 975 2998; baseline 0.002 -23"><span class='ocrx_word' id='word_1_209' title='bbox 119 2915 169 2976; x_wconf 90' lang='lat' dir='ltr'><strong>Nil</strong></span> <span class='ocrx_word' id='word_1_210' title='bbox 191 2915 293 2994; x_wconf 73' lang='lat' dir='ltr'><strong>nostri</strong></span> <span class='ocrx_word' id='word_1_211' title='bbox 301 2917 463 2988; x_wconf 84' lang='lat' dir='ltr'><strong>miserere?</strong></span> <span class='ocrx_word' id='word_1_212' title='bbox 504 2916 583 2978; x_wconf 92' lang='lat' dir='ltr'><strong>Mori</strong></span> <span class='ocrx_word' id='word_1_213' title='bbox 604 2936 652 2976; x_wconf 91' lang='lat' dir='ltr'><strong>me</strong></span> <span class='ocrx_word' id='word_1_214' title='bbox 673 2916 802 2994; x_wconf 90' lang='lat' dir='ltr'><strong>denique</strong></span> <span class='ocrx_word' id='word_1_215' title='bbox 824 2936 920 2993; x_wconf 84' lang='lat' dir='ltr'><strong>coges.</strong></span> <span class='ocrx_word' id='word_1_216' title='bbox 940 2971 975 2998; x_wconf 41' lang='lat' dir='ltr'><strong>M,</strong></span> 
     </span>
    </p>

    <p class='ocr_par' dir='ltr' id='par_1_15' title="bbox 119 2973 952 3076">
     <span class='ocr_line' id='line_1_35' title="bbox 119 2973 952 3076; baseline 0 -20"><span class='ocrx_word' id='word_1_217' title='bbox 119 2997 209 3056; x_wconf 91' lang='lat' dir='ltr'><strong>Nunc</strong></span> <span class='ocrx_word' id='word_1_218' title='bbox 231 2989 469 3076; x_wconf 63' lang='lat' dir='ltr'><strong>Qpecudes</strong></span> <span class='ocrx_word' id='word_1_219' title='bbox 490 2999 610 3056; x_wconf 85' lang='lat' dir='ltr'><strong>umbras</strong></span> <span class='ocrx_word' id='word_1_220' title='bbox 631 3007 661 3056; x_wconf 91' lang='lat' dir='ltr'><strong>et</strong></span> <span class='ocrx_word' id='word_1_221' title='bbox 681 2997 787 3072; x_wconf 85' lang='lat' dir='ltr'><strong>frigora</strong></span> <span class='ocrx_word' id='word_1_222' title='bbox 808 2973 952 3073; x_wconf 52' lang='lat' dir='ltr'><strong>captanti}</strong></span> 
     </span>
    </p>

    <p class='ocr_par' dir='ltr' id='par_1_16' title="bbox 119 3057 907 3152">
     <span class='ocr_line' id='line_1_36' title="bbox 119 3057 907 3152; baseline -0.001 -17"><span class='ocrx_word' id='word_1_223' title='bbox 119 3076 210 3135; x_wconf 88' lang='lat' dir='ltr'><strong>Nunc</strong></span> <span class='ocrx_word' id='word_1_224' title='bbox 229 3075 336 3136; x_wconf 91' lang='lat' dir='ltr'><strong>virides</strong></span> <span class='ocrx_word' id='word_1_225' title='bbox 357 3057 446 3148; x_wconf 59' lang='lat' dir='ltr'><strong>effi]</strong></span> <span class='ocrx_word' id='word_1_226' title='bbox 467 3077 617 3136; x_wconf 89' lang='lat' dir='ltr'><strong>occultant</strong></span> <span class='ocrx_word' id='word_1_227' title='bbox 638 3075 755 3152; x_wconf 89' lang='lat' dir='ltr'><strong>spineta</strong></span> <span class='ocrx_word' id='word_1_228' title='bbox 774 3078 907 3147; x_wconf 90' lang='lat' dir='ltr'><strong>lacertos,</strong></span> 
     </span>
    </p>
   </div>
   <div class='ocr_carea' id='block_1_7' title="bbox 2 3155 1109 3232">
    <p class='ocr_par' dir='ltr' id='par_1_17' title="bbox 2 3155 1109 3232">
     <span class='ocr_line' id='line_1_37' title="bbox 2 3155 1109 3232; baseline -0.005 -16"><span class='ocrx_word' id='word_1_229' title='bbox 2 3192 24 3228; x_wconf 59' lang='lat'><strong>·,</strong></span> <span class='ocrx_word' id='word_1_230' title='bbox 41 3200 59 3226; x_wconf 47' lang='lat'>2</span> <span class='ocrx_word' id='word_1_231' title='bbox 119 3155 269 3232; x_wconf 82' lang='lat' dir='ltr'><strong>Thestylis</strong></span> <span class='ocrx_word' id='word_1_232' title='bbox 290 3165 319 3214; x_wconf 93' lang='lat' dir='ltr'><strong>et</strong></span> <span class='ocrx_word' id='word_1_233' title='bbox 339 3156 444 3230; x_wconf 89' lang='lat' dir='ltr'><strong>rapido</strong></span> <span class='ocrx_word' id='word_1_234' title='bbox 463 3155 547 3215; x_wconf 87' lang='lat' dir='ltr'><strong>fessis</strong></span> <span class='ocrx_word' id='word_1_235' title='bbox 568 3156 747 3216; x_wconf 91' lang='lat' dir='ltr'><strong>messoribus</strong></span> <span class='ocrx_word' id='word_1_236' title='bbox 767 3167 850 3215; x_wconf 90' lang='lat' dir='ltr'><strong>aestu</strong></span> <span class='ocrx_word' id='word_1_237' title='bbox 1074 3171 1109 3210; x_wconf 89' lang='lat'><strong>10</strong></span> 
     </span>
    </p>
   </div>
   <div class='ocr_carea' id='block_1_8' title="bbox 52 3219 878 3388">
    <p class='ocr_par' dir='ltr' id='par_1_18' title="bbox 52 3219 878 3388">
     <span class='ocr_line' id='line_1_38' title="bbox 52 3219 878 3339; baseline -0.004 -46"><span class='ocrx_word' id='word_1_238' title='bbox 52 3232 60 3256; x_wconf 72' lang='lat'><em>¹</em></span> <span class='ocrx_word' id='word_1_239' title='bbox 119 3235 196 3293; x_wconf 90' lang='lat' dir='ltr'><strong>Allia</strong></span> <span class='ocrx_word' id='word_1_240' title='bbox 217 3223 435 3339; x_wconf 44' lang='lat' dir='ltr'><strong>serprillumque</strong></span> <span class='ocrx_word' id='word_1_241' title='bbox 455 3235 562 3294; x_wconf 89' lang='lat' dir='ltr'><strong>herbas</strong></span> <span class='ocrx_word' id='word_1_242' title='bbox 582 3219 739 3294; x_wconf 73' lang='lat' dir='ltr'><strong>contundit</strong></span> <span class='ocrx_word' id='word_1_243' title='bbox 759 3236 878 3294; x_wconf 91' lang='lat' dir='ltr'><strong>olentes.</strong></span> 
     </span>
     <span class='ocr_line' id='line_1_39' title="bbox 121 3314 848 3388; baseline -0.004 -16"><span class='ocrx_word' id='word_1_244' title='bbox 121 3317 161 3372; x_wconf 92' lang='lat' dir='ltr'><strong>At</strong></span> <span class='ocrx_word' id='word_1_245' title='bbox 181 3331 298 3370; x_wconf 91' lang='lat' dir='ltr'><strong>mecum</strong></span> <span class='ocrx_word' id='word_1_246' title='bbox 319 3315 423 3384; x_wconf 84' lang='lat' dir='ltr'><strong>raucis,</strong></span> <span class='ocrx_word' id='word_1_247' title='bbox 444 3322 495 3370; x_wconf 93' lang='lat' dir='ltr'><strong>tua</strong></span> <span class='ocrx_word' id='word_1_248' title='bbox 515 3314 587 3371; x_wconf 88' lang='lat' dir='ltr'><strong>dum</strong></span> <span class='ocrx_word' id='word_1_249' title='bbox 606 3314 729 3388; x_wconf 82' lang='lat' dir='ltr'><strong>vestigia</strong></span> <span class='ocrx_word' id='word_1_250' title='bbox 749 3314 848 3380; x_wconf 86' lang='lat' dir='ltr'><strong>lustro,</strong></span> 
     </span>
    </p>
   </div>
   <div class='ocr_carea' id='block_1_9' title="bbox 305 3450 392 3502">
    <p class='ocr_par' dir='ltr' id='par_1_19' title="bbox 305 3450 392 3502">
     <span class='ocr_line' id='line_1_40' title="bbox 305 3450 392 3502; baseline 0 -7"><span class='ocrx_word' id='word_1_251' title='bbox 305 3450 392 3502; x_wconf 55' lang='lat' dir='ltr'><strong>‘my‘</strong></span> 
     </span>
    </p>
   </div>
   <div class='ocr_carea' id='block_1_10' title="bbox 0 0 1256 3702">
    <p class='ocr_par' dir='ltr' id='par_1_20' title="bbox 0 0 1256 3702">
     <span class='ocr_line' id='line_1_41' title="bbox 0 0 1256 3702; baseline 0 0"><span class='ocrx_word' id='word_1_252' title='bbox 0 0 1256 3702; x_wconf 95' lang='lat' dir='ltr'><strong> </strong></span> 
     </span>
    </p>
   </div>
  </div>
 </body>
</html>
