2494 3702
393 87 666 148 GEORGICON
680 91 769 148 LIB.
790 92 846 149 IV.
1056 109 1111 168 153

114 233 261 304 Volcani,
283 231 448 309 Martisque
469 234 554 294 dolos
571 245 605 294 et
625 234 724 294 dulcia
743 238 827 306 furta,

115 317 210 392 Aque
229 315 316 375 Chao
337 315 447 373 densos
467 312 567 373 divom
588 316 762 375 numerabat
782 335 905 377 amores.

89 387 263 482 {Carmine
277 412 337 470 quo
357 404 462 469 captae
482 393 556 452 dum
576 394 648 454 fusis
667 396 770 453 mollia
788 415 881 471 pensa

117 475 303 544 Devolvont,
324 473 431 532 iterum
452 485 600 533 maternas
620 473 737 550 impulit
757 494 841 534 aures
917 511 918 516 κ

116 555 233 612 Luctus
254 551 389 621 Aristaei,
411 553 568 629 vitreisque
589 555 729 614 sedilibus
750 574 855 615 omnes
1053 577 1111 636 350

119 632 332 732 Obstipuerey
346 633 399 692 sed
419 643 489 692 ante
509 634 580 692 alias
600 635 747 694 Arethusa
767 653 880 695 sorores

118 711 310 788 Prospiciens
330 731 446 771 summa
466 713 573 772 flavom
594 725 683 789 caput
703 714 809 773 extulit
829 716 918 787 unda,

119 795 160 852 Et
180 793 302 868 procul:
329 797 366 851 ‘o
385 792 496 868 gemitu
517 811 578 852 non
598 795 703 852 frustra
722 795 858 854 exterrita
878 806 970 868 tanto,

119 875 257 948 ‘Cyrene
277 890 367 943 soror,
388 870 453 947 ipse
474 871 535 944 tibi,
557 884 608 932 tua
628 893 767 933 maxuma
786 894 864 947 cura,

119 951 244 1012 ‘Tristis
264 951 416 1011 Aristaeus
438 955 528 1012 Penei
548 953 687 1028 genitoris
707 955 746 1014 ad
766 956 879 1015 undam
1052 973 1109 1033 355

118 1034 203 1092 ‘Stat
223 1031 379 1090 lacrimans
400 1043 430 1091 et
449 1044 480 1091 te
500 1033 649 1092 crudelem
670 1033 791 1093 nornine
812 1034 902 1094 dicit!

117 1111 205 1171 Huic
225 1130 363 1187 percussa
384 1131 463 1172 nova
482 1124 612 1172 mentem
632 1113 790 1172 formidine
811 1127 912 1186 mater,

117 1194 217 1264 ‘Duc,
239 1210 303 1267 age,
325 1192 386 1251 duc
405 1192 443 1250 ad
464 1211 537 1264 nos;
563 1193 608 1251 fas
628 1192 670 1251 itti
689 1192 792 1251 limina
812 1194 911 1253 divom

118 1274 290 1348 ‘Tangere’
313 1271 359 1331 ait
404 1272 498 1330 Simul
516 1273 577 1331 alta
595 1271 677 1331 iubet
697 1271 849 1333 discedere
870 1275 927 1333 late

117 1351 269 1423 Flumina,
290 1369 348 1427 qua
365 1350 479 1410 iuvenis
498 1371 614 1427 gressus
634 1352 759 1412 inferret.
802 1353 945 1413 Atilium

117 1433 254 1492 Curvata
273 1430 304 1489 in
324 1433 433 1491 montis
453 1432 560 1491 faciem
581 1431 772 1492 circumstetit
792 1434 881 1505 unda,

117 1509 306 1588 Accepitque
326 1511 391 1570 sinu
412 1523 496 1570 vasto
517 1511 654 1588 misitque
675 1513 729 1572 sub
750 1532 876 1573 amnem.

118 1592 248 1666 Iamque
269 1591 390 1650 domum
412 1591 519 1650 mirans
539 1591 693 1668 genetricis
714 1602 744 1652 et
764 1593 864 1654 umida
884 1613 973 1670 regna

118 1669 336 1746 Speluncisque
356 1672 436 1730 lacus
457 1673 573 1730 clausos
593 1673 736 1748 lucosque
757 1685 894 1734 sonantes

120 1752 200 1823 Ibat,
222 1761 252 1809 et
272 1749 382 1826 ingenti
403 1762 486 1810 motu
508 1754 689 1827 stupefactus
708 1771 850 1828 aquarum

120 1830 234 1891 Omnia
254 1830 309 1890 sub
330 1849 437 1906 magna
457 1831 587 1891 labentia
606 1832 727 1890 flumina
746 1844 822 1892 terra

118 1910 280 1986 Spectabat
301 1909 415 1970 diversa
436 1910 518 1984 locis,
541 1910 718 1986 Phasimque
739 1913 911 1988 Lycumque

119 1992 162 2049 Et
182 2000 280 2065 caput,
301 1991 382 2049 unde
401 1991 479 2049 altus
499 1991 626 2065 primum
647 2009 678 2049 se
699 1991 825 2068 erumpit
846 1991 978 2066 Enipeus

118 2072 309 2145 Saxosusque
330 2087 438 2129 sonans
460 2070 597 2145 Hypanis
619 2073 782 2146 Mysusque
803 2070 919 2140 Caicus,

118 2150 216 2210 Unde
235 2159 318 2224 pater
338 2148 503 2220 Tiberinus,
525 2161 554 2208 et
575 2150 656 2208 unde
677 2152 792 2209 Aniena
812 2149 930 2222 fluenta,

119 2231 162 2288 Et
182 2227 300 2304 gemina
319 2239 437 2288 auratus
458 2228 572 2289 taurino
593 2248 703 2288 cornua
722 2231 805 2288 voltu

119 2308 277 2380 Eridanus,
300 2326 360 2384 quo
379 2327 441 2368 non
462 2308 534 2367 alius
555 2327 608 2383 per
627 2307 747 2385 pinguia
766 2311 844 2368 culta
921 2367 924 2374 ,

119 2390 160 2447 In
180 2407 260 2448 mare
281 2406 460 2464 purpureum
481 2388 636 2448 violentior
656 2388 747 2448 effluit
766 2388 869 2450 amnis.

119 2471 286 2544 Postquam
305 2480 351 2527 est
370 2467 401 2526 in
422 2467 545 2526 thalami
565 2469 726 2542 pendentia
747 2469 865 2544 pumice
886 2480 963 2529 tecta

121 2550 300 2608 Perventum
321 2558 351 2607 et
370 2547 432 2607 nati
453 2548 537 2607 fletus
558 2547 696 2623 cognovit
715 2548 818 2609 inanes

14 2639 19 2647 '
120 2630 247 2704 Cyrene,
270 2626 406 2686 manibus
427 2627 555 2703 liquidos
576 2628 649 2686 dant
669 2629 772 2688 ordine
791 2631 889 2689 fontes

120 2708 289 2767 Germanae
310 2707 462 2783 tonsisque
482 2707 577 2766 serunt
597 2707 737 2766 mantelia
757 2707 833 2768 villis
843 2729 852 2780 3

121 2790 193 2846 Pars
214 2785 309 2863 epulis
329 2798 453 2846 onerant
474 2805 591 2845 mensas
612 2798 642 2846 et
661 2788 750 2862 plena
769 2797 917 2863 reponunt

121 2867 243 2936 Pocula,
266 2867 429 2926 Panchaeis
449 2866 622 2925 adolescunt
642 2865 759 2942 ignibus
779 2885 854 2940 arae,

121 2947 162 3006 Et
182 2956 275 3005 mater
297 2951 386 3022 ‘cape
407 2945 541 3005 Maeonii
561 2944 710 3004 carchesia
730 2945 857 3004 Bacchi:

122 3027 269 3086 ‘Oceano
290 3025 427 3086 libemus'
447 3026 496 3085 ait.
539 3025 631 3084 Simul
651 3024 716 3100 ipsa
736 3037 873 3101 precatur

122 3108 336 3182 Oceanumque
357 3115 470 3180 patrem
490 3122 587 3164 rerum
609 3105 821 3182 Nymphasque
842 3123 962 3177 sorores

123 3189 253 3248 Centum
274 3203 350 3260 quae
371 3184 467 3257 silvas,
489 3195 607 3243 centum
628 3202 703 3259 quae
724 3183 845 3244 flumina
865 3196 987 3246 servant.

122 3261 182 3326 Ter
201 3263 315 3340 liquido
335 3264 488 3324 ardentem
508 3261 636 3338 perfudit
657 3273 775 3323 nectare
794 3267 926 3337 Vestam,

122 3347 183 3406 Ter
202 3344 321 3403 flamma
341 3344 379 3402 ad
399 3360 546 3402 summum
568 3340 637 3400 tecti
658 3342 789 3400 subiecta
809 3342 920 3400 reluxit.
