2462 3678
152 51 209 108 274
404 33 439 91 I'.
475 34 667 93 VERGILI
689 33 900 94 MARONIS

155 151 188 208 ‘l
209 150 309 224 decus,
331 148 350 223 i,
371 158 505 209 nostrum
516 169 524 221 ;
544 147 714 208 melioribus
735 158 817 209 utere
837 147 924 208 satis!

153 233 284 291 Tantum
305 231 418 302 effatus,
441 239 471 289 et
491 229 521 288 in
543 230 632 289 verbo
653 228 776 305 vestigia
796 230 887 289 torsit.

195 310 328 386 Respicit
348 314 466 369 Aeneas
487 307 593 382 subit0,
616 319 646 369 et
666 311 722 368 sub
742 329 815 386 rupe
835 309 954 370 sinistra

154 389 278 450 Moenia
297 392 356 450 lata
375 389 464 461 videt,
487 389 593 465 triplici
614 388 796 449 circumdata
815 410 917 464 muro;

154 471 239 545 Quae
259 470 378 547 rapidus
399 469 524 529 flammis
545 470 638 529 ambit
659 471 837 530 torrentibus
857 469 954 530 amnis
1116 493 1173 551 550

152 553 308 610 Tartareus
330 552 524 628 Phlegethon,
546 560 722 626 torquetque
743 550 880 610 sonantia
900 570 981 609 saxa

155 633 241 690 Porta
262 632 385 690 adversa
404 629 519 706 ingens,
541 630 696 707 solidoque
717 632 873 690 adamante
893 633 1077 703 columnae,

152 711 206 770 Vis
226 721 259 770 ut
279 713 360 770 nulla
379 710 481 782 virum,
502 730 564 770 non
585 710 642 787 ipsi
663 711 833 770 exscindere
855 712 929 770 ferro

153 790 319 852 Caelicolae
340 794 464 851 valeant
508 794 571 852 Stat
592 792 684 851 ferrea
704 791 788 850 turris
809 792 847 850 ad
868 811 953 850 auras
963 813 974 866 3

150 870 374 948 Tisiphoneque
396 872 511 943 sedens,
533 873 612 948 palla
632 871 782 930 succincta
802 883 929 942 cruenta,
1110 892 1167 952 555

151 952 337 1012 Vestibulum
360 952 508 1011 exsomnis
529 964 626 1012 servat
645 963 808 1028 noctesque
829 952 959 1028 diesque.

153 1031 235 1090 Hinc
256 1031 387 1091 exaudiri
407 1031 542 1108 gemitus,
564 1044 593 1092 et
614 1052 701 1092 saeva
721 1052 826 1093 sonare

151 1114 295 1172 Verbera:
317 1122 380 1172 tum
402 1113 508 1172 stridor
527 1112 601 1185 ferri,
624 1123 793 1189 tractaeque
814 1123 942 1172 catenae.

152 1192 293 1253 Constitit
314 1195 431 1252 Aeneas
452 1193 663 1269 strepitumque
685 1194 837 1252 exterritus
857 1195 970 1252 hausit:

152 1273 258 1347 ‘Quae
279 1276 423 1332 scelerum
444 1272 555 1332 facies?
582 1293 601 1332 o
622 1272 712 1350 virgo,
735 1275 822 1332 ellare
831 1295 840 1348 3
862 1273 1008 1349 quibusve
1107 1281 1164 1353 560

152 1355 319 1429 ‘Urgentur
338 1353 465 1429 poenis?
492 1353 557 1428 quis
577 1364 675 1413 tantus
694 1355 818 1429 plangor
838 1354 877 1412 ad
896 1357 1020 1412 auras?’

150 1435 229 1491 Tum
250 1444 331 1493 vates
352 1434 394 1492 sic
415 1453 480 1493 orsa
500 1433 596 1510 loqui:
619 1436 706 1492 ‘Dux
726 1433 836 1492 inclute
857 1436 1016 1505 Teucrum,

150 1513 253 1572 ‘Nulli
273 1515 316 1572 sas
338 1524 420 1573 casto
441 1516 613 1574 sceleratum
635 1513 768 1573 insistere
789 1513 878 1573 limen
888 1534 897 1587 3

152 1594 225 1653 ‘Sed
246 1613 295 1652 me
316 1613 383 1652 cum
404 1593 477 1653 lucis
499 1597 617 1654 Hecate
637 1593 776 1669 praefecit
796 1593 928 1666 Averniq

152 1676 239 1750 ‘Ipsa
260 1675 350 1733 deum
370 1693 483 1750 poenas
505 1674 614 1746 docuit,
636 1693 747 1751 perque
769 1674 870 1734 omnia
890 1673 983 1733 duxit.
1100 1683 1156 1756 565

151 1754 296 1815 ‘Cnosius
317 1755 390 1814 haec
412 1755 657 1815 Rhadamanthus
678 1755 768 1814 habet
788 1753 941 1814 durissima
960 1773 1070 1831 regna,

151 1836 359 1912 ‘Castigatque
381 1835 523 1911 auditque
544 1836 638 1907 dolos,
667 1835 835 1912 subigitque
854 1834 946 1907 fateri,

150 1916 251 1990 ‘Quae
271 1915 337 1992 quis
357 1917 437 1992 apud
458 1934 587 1992 superoS,
609 1917 686 1975 furto
707 1916 832 1976 laetatus
852 1914 941 1987 inani,

149 1995 291 2054 ‘Distulit
311 1995 341 2053 in
363 2015 457 2055 seram
478 1996 636 2055 commissa
655 1995 773 2072 piacula
792 2005 927 2055 mortem.

59 2133 60 2140 ,
149 2075 317 2137 ‘Continuo
338 2087 438 2136 sontes
458 2076 545 2135 ultrix
565 2076 698 2136 accincta
718 2076 834 2153 flagello
1097 2097 1156 2156 570

149 2155 331 2233 ‘Tisiphone
353 2157 447 2232 quatit
468 2156 620 2229 insultans,
642 2167 800 2232 torvosque
822 2154 938 2215 sinistra

149 2237 320 2296 ‘Intentans
340 2255 452 2312 angues
472 2247 560 2296 vocat
580 2237 698 2314 agmina
718 2256 805 2296 saeva
825 2256 965 2296 sororum.

148 2319 243 2376 ‘Tum
265 2317 384 2376 demum
405 2317 559 2377 horrisono
580 2317 736 2376 stridentes
756 2316 876 2376 cardine
898 2335 999 2375 sacrae

149 2397 339 2456 ‘Panduntur
358 2408 467 2472 portae.
512 2396 624 2469 Cernis,
646 2396 781 2457 custodia
801 2397 895 2473 qualis

148 2475 320 2536 ‘Vestibulo
341 2478 466 2537 sedeat?
492 2477 581 2537 iacies
603 2497 679 2554 quae
699 2477 801 2536 limina
822 2477 940 2537 servet?
1093 2495 1148 2557 575

148 2555 388 2633 ‘Quinquaginta
407 2557 476 2617 atris
497 2558 633 2618 immanis
653 2558 781 2618 hiatibus
803 2559 909 2635 Hydra

148 2636 282 2698 ‘Saevior
301 2637 379 2697 intus
399 2639 490 2699 habet
510 2639 619 2698 sedem.
662 2640 741 2698 Tum
762 2640 902 2697 Tartams
922 2635 985 2713 ipse

148 2717 216 2777 ‘Bis
236 2728 317 2794 patet
337 2717 368 2776 in
388 2737 529 2795 praeceps
549 2729 664 2778 tantum
685 2717 840 2794 tenditque
861 2719 915 2778 sub
935 2718 1069 2792 umbras,

147 2799 298 2873 ‘Quantus
318 2799 357 2858 ad
378 2798 539 2858 aetherium
562 2798 636 2858 caeli
657 2809 810 2875 suspectus
832 2799 1003 2874 Olympum.

146 2877 225 2936 ‘Hic
244 2897 337 2954 genus
358 2879 512 2956 antiquum
534 2883 651 2949 Terrae,
673 2878 793 2938 Titania
812 2880 915 2954 pubes,
1083 2885 1141 2956 580

145 2958 298 3016 ‘Fulmine
320 2958 435 3031 deiecti,
458 2959 551 3018 iundo
571 2961 728 3018 volvuntur
746 2958 778 3018 in
799 2957 874 3019 imo:

144 3035 223 3092 ‘Hic
245 3047 274 3093 et
294 3037 417 3096 Aloidas
436 3038 578 3112 geminos,
600 3037 741 3096 immania
763 3037 823 3097 vidi

144 3113 302 3185 ‘Corpora
314 3113 376 3187 -qui
396 3114 531 3174 manibus
552 3135 692 3192 magnum
712 3117 879 3177 rescindere
900 3119 1018 3178 caelum

81 3255 85 3261 Ι
142 3188 308 3260 ‘Adgressi,
329 3189 499 3264 superisque
522 3195 625 3252 Iovem
646 3197 802 3255 detrudere
822 3196 926 3273 regnis

143 3264 230 3323 ‘Vidi
251 3275 281 3324 et
301 3268 434 3326 crudeles
455 3269 576 3328 dantem
596 3273 753 3332 Salmonea
773 3293 895 3351 poenas,
1085 3283 1140 3360 585
