2460 3686
388 83 631 145 AENEIDOS
653 85 740 144 LIB.
776 88 807 145 V.

83 211 232 272 ‘Cnosia
251 211 324 273 bina
344 212 425 272 dabo
444 213 542 272 levato
563 211 662 272 lucida
681 213 757 273 ferro

83 293 247 369 ‘Spicula
270 294 473 368 caelatamque
494 304 616 368 argento
636 294 710 353 ferre
731 293 910 371 bipennem:

84 372 268 433 ‘Omnibus
287 372 336 431 bic
357 372 410 433 en't
430 392 507 431 unus
526 375 631 432 honos.
673 375 748 434 Tres
768 375 898 450 praemia
918 375 1004 454 primi

84 453 284 529 ‘Accipient
305 454 439 530 flavaque
460 464 550 530 caput
570 464 726 513 nectentur
746 455 840 515 oliva:

86 533 237 593 ‘Primus
257 553 368 609 equum
389 533 517 609 phaleris
538 533 683 610 insignem
703 534 797 595 victor
816 536 944 611 habet0;
1038 557 1097 613 310

83 615 203 674 ‘Alter
222 613 416 672 Amazoniam
437 615 604 690 pharetram
624 615 804 690 plenamque
825 615 937 692 sagittis
1064 615 1066 621 ’

84 693 272 765 ‘Threiciis
294 695 355 753 lato
376 713 467 770 quam
487 694 598 753 circum
618 695 806 770 amplectitur
826 715 897 757 auro
1012 703 1018 712 ’

86 780 97 808 ‘
115 776 249 846 Balteus,
271 785 301 834 et
322 774 406 834 tereti
426 774 575 834 subnectit
595 775 686 834 fibula
705 795 822 850 gemma
833 800 841 846 ;

87 854 237 914 ‘Tertius
258 854 395 930 Argolica
415 856 472 914 hac
491 856 577 931 galea
596 865 753 914 contentus
773 855 873 916 abito'

86 938 188 994 Haec
208 934 260 994 ubi
280 937 367 1006 dicta,
389 936 488 994 locum
508 933 635 1012 capiunt,
659 935 803 1012 signoque
823 948 946 1013 repente
1038 955 1095 1016 315

87 1015 271 1091 Corripiunt
292 1015 386 1091 spatia
406 1015 516 1088 audito,
539 1015 689 1091 limenque
710 1017 888 1093 relinquunt,

87 1097 195 1156 Effusi
215 1095 318 1155 nimbo
339 1095 448 1154 similes
458 1116 467 1168 3
496 1095 584 1154 simul
603 1096 707 1154 ultima
726 1097 850 1173 signant.

87 1175 215 1236 Primus
235 1175 297 1235 abit
318 1177 464 1252 longeque
485 1187 554 1236 ante
575 1176 677 1236 omnia
697 1196 821 1253 corpora
842 1177 933 1238 Nisus

88 1256 224 1328 Emicat,
248 1268 277 1316 et
297 1257 392 1315 ventis
414 1267 443 1316 et
463 1256 592 1315 fulminis
613 1255 696 1316 ocior
716 1257 777 1316 alis.

89 1337 253 1396 Proximus
273 1336 350 1407 huic,
372 1338 462 1413 longo
482 1338 536 1396 sed
555 1336 705 1412 proximus
725 1337 887 1410 intervallo,
1038 1359 1096 1416 320

90 1416 270 1492 Insequitur
290 1415 384 1476 Salius
395 1439 404 1492 3
436 1415 533 1493 spatio
554 1423 622 1492 post
642 1418 752 1477 deinde
772 1419 875 1479 relicto

90 1497 216 1556 Tertius
238 1499 399 1574 Euryalus:

92 1577 317 1654 Euryalumque
339 1579 486 1654 Helymus
507 1576 638 1653 sequitur
649 1599 657 1652 ;
686 1599 747 1655 quo
768 1577 877 1640 deinde
898 1581 953 1641 sub
973 1578 1041 1657 ipso
1124 1591 1129 1601 “

93 1661 179 1718 Ecce
198 1660 287 1730 volat,
309 1659 479 1734 calcemque
500 1658 645 1718 tentiam
666 1662 748 1719 calce
769 1659 884 1732 Diores,

93 1739 281 1798 Incumbens
301 1739 426 1799 humero
437 1761 446 1812 ;
469 1738 564 1814 spatia
584 1749 613 1798 et
633 1739 658 1798 si
678 1741 763 1815 plura
783 1741 938 1816 supersint,
1036 1756 1092 1817 3²5

71 1822 244 1878 -Transeat
265 1820 382 1894 elapsus
403 1819 489 1895 prior,
511 1819 720 1895 ambiguumve
740 1821 892 1896 relinquat

93 1902 226 1976 Iamque
245 1900 306 1958 fere
326 1899 422 1974 spatio
442 1910 574 1959 extremo
594 1901 722 1974 fessique
743 1901 797 1960 sub
819 1901 915 1976 ipsam

93 1980 204 2040 Finem
225 1981 433 2051 adventabant,
455 1979 513 2039 levi
532 1999 601 2038 cum
622 1980 763 2056 sanguine
784 1981 874 2040 Nisus

93 2060 221 2132 Labitur
241 2059 351 2132 infelix,
373 2058 465 2118 caesis
485 2070 519 2118 ut
538 2061 613 2119 forte
634 2061 764 2120 iuvencis

94 2143 195 2200 Fusus
215 2141 338 2199 humum
358 2139 525 2216 viridesque
545 2160 633 2216 super
653 2141 851 2201 madefecerat
870 2141 984 2202 herbas.
1036 2161 1095 2218 330

94 2222 163 2281 Hic
181 2219 296 2280 iuvenis
316 2219 375 2278 iam
396 2220 490 2279 victor
510 2240 602 2280 ovans
623 2220 744 2298 vestigia
765 2241 867 2298 presso

95 2302 194 2360 Haud
213 2299 307 2360 tenuit
326 2300 451 2360 titubata
471 2303 535 2360 solo
545 2322 553 2374 ;
584 2302 637 2361 sed
658 2321 768 2377 pronus
788 2301 819 2361 in
839 2301 904 2379 ipso

93 2381 241 2443 Concidit
260 2381 465 2457 inmundoque
485 2383 556 2440 fimo
578 2401 720 2458 sacroque
741 2401 852 2442 cruore.

95 2465 171 2523 Non
191 2473 291 2522 tamen
313 2463 440 2538 Euryali,
460 2481 522 2521 non
542 2463 591 2522 ille
612 2462 721 2522 oblitus
741 2482 894 2524 amorum:

96 2545 180 2603 Nam
200 2561 265 2602 sese
286 2541 427 2618 opposuit
447 2541 525 2601 Salio
545 2562 598 2618 per
617 2545 730 2603 lubrica
749 2563 888 2620 surgens3
1035 2560 1093 2621 335

97 2625 156 2683 Ille
176 2634 276 2682 autem
297 2623 391 2698 spissa
410 2621 499 2682 iacuit
519 2625 667 2682 revolutus
688 2643 784 2683 arena.

97 2702 217 2764 Emicat
236 2704 389 2780 Euryalus
411 2713 442 2762 et
462 2722 584 2762 munere
604 2703 698 2762 victor
717 2703 804 2762 amici

98 2783 199 2843 Prima
219 2794 309 2855 tenet,
331 2784 494 2859 plausuque
514 2785 594 2842 volat
614 2783 790 2858 fremituque
812 2784 951 2844 secundo

98 2867 172 2923 Post
193 2864 340 2940 Helymus
361 2863 447 2934 subit,
470 2873 499 2922 et
520 2883 601 2922 nunc
621 2863 705 2922 tertia
725 2866 823 2938 palma
845 2863 959 2922 Diores.

99 2944 162 3004 Hic
183 2953 279 3003 totum
300 2962 408 3002 caveae
428 2961 600 3002 consessum
621 2943 748 3020 ingentis
769 2955 800 3002 et
820 2962 872 3002 ora
1035 2964 1094 3020 340

99 3024 199 3083 Prima
218 3034 336 3100 patrum
357 3022 471 3100 magnis
493 3023 588 3083 Salius
608 3023 786 3082 clamoribus
807 3023 921 3099 implet,

98 3108 304 3181 Ereptumque
325 3104 396 3162 dolo
417 3103 501 3164 reddi
522 3103 578 3162 sibi
598 3103 695 3179 poscit
715 3105 868 3163 honorem.

98 3188 225 3244 Tutatur
243 3186 326 3243 favor
344 3185 513 3260 Euryalum,
534 3183 731 3260 lacrimaeque
751 3184 885 3257 decorae,

99 3264 218 3324 Gratior
238 3275 268 3323 et
288 3264 413 3341 pulchro
433 3265 556 3323 veniens
576 3263 607 3322 in
628 3283 750 3340 corpore
770 3263 869 3324 virtus.

99 3344 230 3406 Adiuvat
250 3354 281 3406 et
301 3363 408 3420 magna
428 3345 592 3420 proclamat
612 3363 686 3404 voce
708 3345 822 3415 Diores
852 3403 854 3406 ,
1034 3359 1092 3420 345
