2468 3692
149 148 209 202 400
402 131 437 188 P.
472 131 660 188 VERGILI
684 127 895 188 MARONIS

150 257 229 316 Ense
243 275 377 332 sequens
397 257 480 316 nudo
501 255 723 333 superimminet
730 277 737 327 3
758 255 807 315 ille
827 254 923 314 securi

148 335 273 395 Adversi
293 337 419 396 frontem
440 337 569 396 mediam
590 347 781 413 mentumque
802 337 925 395 reducta

150 414 274 489 Disiicit,
296 428 325 475 et
346 435 446 491 sparso
467 418 525 476 late
546 416 619 493 rigat
639 436 720 474 arma
741 435 851 475 cruore.

46 491 50 496 ’
149 495 209 555 Olli
230 496 303 555 dura
323 496 406 571 quies
427 498 529 556 oculos
550 508 580 555 et
601 497 709 556 ferreus
730 507 833 572 urguet

148 576 275 635 Somnus
285 596 293 647 ;
314 575 344 634 in
365 587 514 635 aeternam
535 577 703 634 conduntur
723 575 835 634 lumina
854 585 982 635 noctem.
1082 600 1142 656 31⁰

187 658 227 713 At
247 655 314 731 pius
335 658 452 714 Aeneas
472 657 604 716 dextram
625 657 766 715 tendebat
787 655 928 716 inermem
1011 690 1014 698 ·

147 734 269 794 Nudato
290 736 393 811 capite,
417 747 504 811 atque
526 755 594 795 suos
615 737 743 794 clamore
764 737 906 794 vocabat:

148 815 236 890 ‘Quo
257 814 356 874 ruitis?
377 834 491 890 quaeve
511 815 567 874 ista
587 835 692 890 repens
713 815 860 874 discordia
880 815 993 890 surgit?

148 895 195 955 ‘O
217 894 352 954 cohibete
373 894 443 953 iras!
463 894 555 953 ictum
576 894 635 953 iam
655 896 769 966 foedus,
791 905 821 954 et
841 914 946 954 omnes

147 973 358 1050 ‘Compositae
378 976 458 1050 leges
463 995 472 1046 ;
493 974 565 1033 mihi
585 975 630 1033 ius
651 994 824 1034 concurrere
845 974 914 1046 soli,
1081 999 1137 1056 315

147 1056 219 1112 ‘Me
240 1053 335 1125 sinite,
357 1065 446 1130 atque
467 1056 578 1114 auferte
599 1066 710 1114 metus:
731 1073 786 1130 ego
807 1055 928 1113 foedera
947 1056 1015 1115 faxo

146 1133 263 1192 ‘.Firma
282 1153 387 1206 manu;
407 1137 541 1192 Turnum
563 1136 673 1193 debent
692 1135 767 1194 haec
787 1133 847 1192 iam
867 1133 940 1192 mihi
960 1139 1060 1195 sacra'

147 1216 212 1272 Has
233 1214 308 1272 inter
327 1233 424 1284 voces,
446 1214 545 1272 media
565 1213 641 1273 inter
661 1213 730 1273 talia
750 1217 848 1285 verba,

146 1295 233 1365 Ecce,
254 1293 317 1353 viro
338 1293 463 1352 stridens
483 1294 537 1352 alis
557 1295 679 1370 adlapsa
698 1294 803 1368 sagitta
823 1304 876 1366 est,

145 1375 304 1445 Incertum,
326 1392 386 1449 qua
405 1375 491 1449 pulsa
511 1394 610 1445 manu,
633 1393 692 1450 quo
712 1373 829 1433 turbine
849 1373 963 1448 adacta,
1079 1397 1137 1452 3²0

145 1453 219 1528 Quis
239 1463 352 1512 tantam
374 1453 492 1512 Rutulis
513 1455 640 1525 laudem,
663 1473 787 1514 casusne
808 1456 929 1522 deusne,
1217 1465 1219 1469 '

144 1533 296 1604 Attulerit3
316 1551 417 1609 pressa
437 1545 481 1592 est
502 1533 623 1609 insignis
643 1534 735 1610 gloria
754 1534 832 1606 facti,

146 1614 210 1671 Nec
232 1632 296 1671 sese
316 1616 437 1672 Aeneae
458 1613 577 1672 iactavit
596 1616 715 1673 volnere
736 1614 901 1690 quisquam.

143 1694 270 1763 Turnus,
292 1702 325 1750 ut
347 1695 469 1752 Aenean
490 1695 646 1753 cedentem
668 1713 703 1753 ex
723 1693 840 1769 agmine
859 1693 934 1753 vidit

143 1773 350 1848 Turbatosque
372 1773 471 1846 duces,
494 1774 591 1832 subita
611 1793 663 1848 spe
684 1773 811 1833 fervidus
832 1775 928 1846 ardet;
1078 1794 1134 1854 325

144 1851 244 1911 Poscit
264 1872 356 1929 equos
377 1864 465 1928 atque
486 1853 682 1926 armasimul,
704 1856 838 1930 saltuque
858 1855 1002 1929 superbus

144 1931 259 1990 Emicat
280 1931 310 1990 in
331 1952 456 2004 currum,
478 1943 508 1991 et
528 1933 665 1992 manibus
686 1934 805 1992 molitur
824 1935 964 1992 habenas

145 2013 241 2070 Multa
260 2011 354 2070 virum
375 2012 500 2071 volitans
521 2013 572 2072 dat
592 2013 677 2072 sortia
698 2033 821 2089 corpora
841 2015 922 2085 leto;

142 2092 310 2151 Semineces
330 2092 422 2152 volvit
441 2093 559 2166 multos
580 2104 632 2152 aut
651 2093 769 2168 agmina
789 2112 874 2152 curru
1221 2165 1222 2176 ἵ

143 2171 275 2242 Proterit‚
291 2183 342 2231 aut
362 2184 460 2248 raptas
480 2173 658 2249 fugientibus
679 2173 785 2249 ingerit
804 2174 911 2232 hastas.
1077 2195 1135 2250 330
1221 2193 1222 2222 r

142 2251 246 2326 Qualis
267 2252 346 2328 apud
366 2251 456 2328 gelidi
477 2272 545 2310 eum
566 2252 687 2311 flumina
708 2252 841 2311 concitus
863 2251 960 2311 Hebri
1221 2247 1222 2252 ’

142 2331 325 2408 Sanguineus
347 2335 468 2390 Mavors
489 2331 586 2408 clipeo
606 2332 746 2409 increpat
768 2343 857 2408 atque
877 2334 1006 2393 furentes

142 2413 225 2470 Bella
244 2431 367 2470 movens
387 2411 508 2470 inmittit
529 2431 622 2488 equos
628 2434 635 2484 ;
657 2411 698 2470 illi
719 2431 847 2488 aequore
868 2423 969 2488 aperto

141 2494 220 2551 Ante
241 2493 338 2551 Notos
358 2493 582 2568 Zephyrumque
603 2493 717 2564 volant;
736 2491 828 2568 gemit
848 2492 951 2550 ultima
971 2494 1060 2569 pulsu
1221 2547 1222 2570 ,

141 2573 257 2630 Thraca
276 2573 387 2647 pedum
393 2593 402 2644 3
423 2571 592 2648 circumque
612 2583 692 2631 atrae
713 2571 891 2631 Formidinis
911 2591 973 2645 ora,
1077 2590 1131 2650 335
1213 2579 1222 2632 A

142 2655 275 2728 Iraeque,
292 2650 488 2728 Insidiaeque,
511 2651 560 2710 dei
580 2651 745 2722 comitatus,
767 2662 905 2726 aguntur:

140 2732 222 2791 Talis
242 2751 335 2808 equos
355 2733 452 2790 alacer
472 2731 570 2790 media
590 2731 666 2791 inter
684 2731 796 2807 proelia
815 2735 933 2790 Turnus

142 2811 294 2870 Fumantis
316 2812 422 2871 sudore
443 2812 546 2887 quatit,
568 2811 734 2871 miserabile
755 2811 848 2870 caesis

142 2891 290 2950 Hostibus
310 2891 455 2950 insultans
460 2914 467 2965 ;
489 2891 597 2968 spargit
617 2891 720 2966 rapida
740 2893 850 2968 ungula
869 2910 949 2950 rores
1151 2968 1153 2972 Ι

140 2970 331 3046 Sanguiueos,
353 2971 501 3048 mixtaque
522 2991 608 3030 cruor
627 2973 756 3030 calcatur
773 2971 890 3028 harena
1076 2991 1133 3046 340

141 3053 266 3122 Iamque
280 3049 346 3107 neci
360 3050 591 3126 Sthenelumque
605 3051 687 3110 dedit
701 3051 931 3126 Thamyrimque
947 3051 1133 3128 Pholumque

141 3129 234 3184 Hunc
255 3145 427 3200 congressus
449 3141 478 3187 et
497 3131 585 3200 hunc,
608 3129 690 3188 illum
711 3130 840 3203 eminus3
861 3129 976 3189 eminus
996 3133 1088 3191 ambo

141 3202 328 3272 Imbrasidas,
351 3205 497 3264 Glaucum
517 3219 606 3282 atque
628 3210 738 3280 Laden,
760 3229 836 3286 quos
858 3211 1009 3270 Imbrasus
1030 3212 1094 3287 ipse

142 3279 294 3338 Nutrierat
314 3280 412 3354 Lycia,
435 3286 612 3361 paribusque
633 3299 787 3347 ornaverat
807 3289 903 3362 armis

139 3360 196 3418 Vel
217 3359 348 3418 conferre
369 3377 498 3435 manum,
520 3367 567 3422 vel
588 3386 666 3444 equo
687 3381 869 3447 praevertere
890 3380 1003 3433 ventos.
1076 3387 1130 3451 345
