<?xml version="1.0" encoding="UTF-8"?>
<!DOCTYPE html PUBLIC "-//W3C//DTD XHTML 1.0 Transitional//EN"
    "http://www.w3.org/TR/xhtml1/DTD/xhtml1-transitional.dtd">
<html xmlns="http://www.w3.org/1999/xhtml" xml:lang="en" lang="en">
 <head>
  <title>
</title>
<meta http-equiv="Content-Type" content="text/html;charset=utf-8" />
  <meta name='ocr-system' content='tesseract 3.04.00' />
  <meta name='ocr-capabilities' content='ocr_page ocr_carea ocr_par ocr_line ocrx_word'/>
</head>
<body>
  <div class='ocr_page' id='page_1' title='image "./pvergilimaronis13virggoog/pvergilimaronis13virggoog_0252.png"; bbox 0 0 2460 3686; ppageno 0'>
   <div class='ocr_carea' id='block_1_1' title="bbox 379 123 1088 200">
    <p class='ocr_par' dir='ltr' id='par_1_1' title="bbox 379 123 1088 200">
     <span class='ocr_line' id='line_1_1' title="bbox 379 123 1088 200; baseline 0.007 -17"><span class='ocrx_word' id='word_1_1' title='bbox 379 123 620 186; x_wconf 84' lang='lat' dir='ltr'><em>AENEIDOS</em></span> <span class='ocrx_word' id='word_1_2' title='bbox 642 125 727 184; x_wconf 84' lang='lat' dir='ltr'><em>LIB.</em></span> <span class='ocrx_word' id='word_1_3' title='bbox 765 125 795 186; x_wconf 78' lang='lat' dir='ltr'><strong>V.</strong></span> <span class='ocrx_word' id='word_1_4' title='bbox 1031 142 1088 200; x_wconf 83' lang='lat'><strong>243</strong></span> 
     </span>
    </p>
   </div>
   <div class='ocr_carea' id='block_1_2' title="bbox 80 253 1083 653">
    <p class='ocr_par' dir='ltr' id='par_1_2' title="bbox 82 253 913 334">
     <span class='ocr_line' id='line_1_2' title="bbox 82 253 913 334; baseline 0.002 -22"><span class='ocrx_word' id='word_1_5' title='bbox 82 253 189 328; x_wconf 86' lang='lat' dir='ltr'>Quem</span> <span class='ocrx_word' id='word_1_6' title='bbox 211 253 293 331; x_wconf 86' lang='lat' dir='ltr'><strong>petit,</strong></span> <span class='ocrx_word' id='word_1_7' title='bbox 319 265 349 314; x_wconf 93' lang='lat' dir='ltr'><strong>et</strong></span> <span class='ocrx_word' id='word_1_8' title='bbox 373 253 496 314; x_wconf 90' lang='lat' dir='ltr'><strong>summis</strong></span> <span class='ocrx_word' id='word_1_9' title='bbox 520 253 649 334; x_wconf 82' lang='lat' dir='ltr'><strong>adnixus</strong></span> <span class='ocrx_word' id='word_1_10' title='bbox 670 253 779 314; x_wconf 91' lang='lat' dir='ltr'><strong>viribus</strong></span> <span class='ocrx_word' id='word_1_11' title='bbox 801 265 913 332; x_wconf 89' lang='lat' dir='ltr'><strong>urguet.</strong></span> 
     </span>
    </p>

    <p class='ocr_par' dir='ltr' id='par_1_3' title="bbox 80 334 975 492">
     <span class='ocr_line' id='line_1_3' title="bbox 80 334 975 411; baseline 0.001 -19"><span class='ocrx_word' id='word_1_12' title='bbox 80 335 169 392; x_wconf 89' lang='lat' dir='ltr'><strong>Tum</strong></span> <span class='ocrx_word' id='word_1_13' title='bbox 195 354 266 395; x_wconf 88' lang='lat' dir='ltr'><strong>vero</strong></span> <span class='ocrx_word' id='word_1_14' title='bbox 288 334 450 411; x_wconf 86' lang='lat' dir='ltr'>ingeminat</span> <span class='ocrx_word' id='word_1_15' title='bbox 473 337 593 407; x_wconf 92' lang='lat' dir='ltr'><strong>clamor,</strong></span> <span class='ocrx_word' id='word_1_16' title='bbox 619 334 777 409; x_wconf 90' lang='lat' dir='ltr'><strong>cunctique</strong></span> <span class='ocrx_word' id='word_1_17' title='bbox 802 345 975 411; x_wconf 88' lang='lat' dir='ltr'><strong>sequentem</strong></span> 
     </span>
     <span class='ocr_line' id='line_1_4' title="bbox 81 414 891 492; baseline 0.001 -21"><span class='ocrx_word' id='word_1_18' title='bbox 81 414 236 491; x_wconf 88' lang='lat' dir='ltr'><strong>Instigant</strong></span> <span class='ocrx_word' id='word_1_19' title='bbox 259 416 371 484; x_wconf 91' lang='lat' dir='ltr'><strong>studiis,</strong></span> <span class='ocrx_word' id='word_1_20' title='bbox 397 427 573 492; x_wconf 84' lang='lat' dir='ltr'><strong>resonatque</strong></span> <span class='ocrx_word' id='word_1_21' title='bbox 595 415 758 492; x_wconf 84' lang='lat' dir='ltr'>fragoribus</span> <span class='ocrx_word' id='word_1_22' title='bbox 782 418 891 476; x_wconf 82' lang='lat' dir='ltr'><strong>aether.</strong></span> 
     </span>
    </p>

    <p class='ocr_par' dir='ltr' id='par_1_4' title="bbox 82 494 1001 573">
     <span class='ocr_line' id='line_1_5' title="bbox 82 494 1001 573; baseline 0.003 -21"><span class='ocrx_word' id='word_1_23' title='bbox 82 494 132 552; x_wconf 89' lang='lat' dir='ltr'><strong>Hi</strong></span> <span class='ocrx_word' id='word_1_24' title='bbox 156 494 310 571; x_wconf 86' lang='lat' dir='ltr'><strong>proprium</strong></span> <span class='ocrx_word' id='word_1_25' title='bbox 334 497 426 555; x_wconf 91' lang='lat' dir='ltr'><strong>decus</strong></span> <span class='ocrx_word' id='word_1_26' title='bbox 449 506 479 556; x_wconf 92' lang='lat' dir='ltr'><strong>et</strong></span> <span class='ocrx_word' id='word_1_27' title='bbox 503 508 620 573; x_wconf 89' lang='lat' dir='ltr'><strong>partum</strong></span> <span class='ocrx_word' id='word_1_28' title='bbox 642 496 833 571; x_wconf 84' lang='lat' dir='ltr'>indignantur</span> <span class='ocrx_word' id='word_1_29' title='bbox 855 497 1001 556; x_wconf 90' lang='lat' dir='ltr'><strong>honorem</strong></span> 
     </span>
    </p>

    <p class='ocr_par' dir='ltr' id='par_1_5' title="bbox 81 573 1083 653">
     <span class='ocr_line' id='line_1_6' title="bbox 81 573 1083 653; baseline 0.004 -21"><span class='ocrx_word' id='word_1_30' title='bbox 81 573 128 632; x_wconf 94' lang='lat' dir='ltr'><strong>Ni</strong></span> <span class='ocrx_word' id='word_1_31' title='bbox 151 585 282 647; x_wconf 86' lang='lat' dir='ltr'><strong>teneant,</strong></span> <span class='ocrx_word' id='word_1_32' title='bbox 307 575 458 652; x_wconf 87' lang='lat' dir='ltr'><strong>vitamque</strong></span> <span class='ocrx_word' id='word_1_33' title='bbox 481 578 585 636; x_wconf 90' lang='lat' dir='ltr'><strong>volunt</strong></span> <span class='ocrx_word' id='word_1_34' title='bbox 609 573 665 652; x_wconf 86' lang='lat' dir='ltr'><strong>pr&#39;o</strong></span> <span class='ocrx_word' id='word_1_35' title='bbox 688 577 777 636; x_wconf 89' lang='lat' dir='ltr'><strong>laude</strong></span> <span class='ocrx_word' id='word_1_36' title='bbox 797 575 906 652; x_wconf 88' lang='lat' dir='ltr'><strong>pacisci</strong></span> <span class='ocrx_word' id='word_1_37' title='bbox 916 597 925 649; x_wconf 89' lang='lat'>;</span> <span class='ocrx_word' id='word_1_38' title='bbox 1025 597 1040 635; x_wconf 97' lang='grc'><strong>2</strong></span> <span class='ocrx_word' id='word_1_39' title='bbox 1045 597 1083 653; x_wconf 90' lang='lat'><strong>30</strong></span> 
     </span>
    </p>
   </div>
   <div class='ocr_carea' id='block_1_3' title="bbox 68 656 1080 3461">
    <p class='ocr_par' dir='ltr' id='par_1_6' title="bbox 79 656 960 733">
     <span class='ocr_line' id='line_1_7' title="bbox 79 656 960 733; baseline 0.002 -20"><span class='ocrx_word' id='word_1_40' title='bbox 79 656 156 714; x_wconf 92' lang='lat' dir='ltr'><strong>Hos</strong></span> <span class='ocrx_word' id='word_1_41' title='bbox 179 663 332 716; x_wconf 77' lang='lat' dir='ltr'><strong>successus</strong></span> <span class='ocrx_word' id='word_1_42' title='bbox 355 656 422 715; x_wconf 89' lang='lat' dir='ltr'><strong>alit:</strong></span> <span class='ocrx_word' id='word_1_43' title='bbox 450 667 585 732; x_wconf 84' lang='lat' dir='ltr'><strong>possunt,</strong></span> <span class='ocrx_word' id='word_1_44' title='bbox 611 657 680 732; x_wconf 92' lang='lat' dir='ltr'><strong>quia</strong></span> <span class='ocrx_word' id='word_1_45' title='bbox 702 675 791 733; x_wconf 90' lang='lat' dir='ltr'><strong>posse</strong></span> <span class='ocrx_word' id='word_1_46' title='bbox 814 657 960 717; x_wconf 89' lang='lat' dir='ltr'><strong>videntur.</strong></span> 
     </span>
    </p>

    <p class='ocr_par' dir='ltr' id='par_1_7' title="bbox 79 735 818 813">
     <span class='ocr_line' id='line_1_8' title="bbox 79 735 818 813; baseline 0.005 -21"><span class='ocrx_word' id='word_1_47' title='bbox 79 736 126 792; x_wconf 91' lang='lat' dir='ltr'><strong>Et</strong></span> <span class='ocrx_word' id='word_1_48' title='bbox 149 737 209 794; x_wconf 83' lang='lat' dir='ltr'><strong>fors</strong></span> <span class='ocrx_word' id='word_1_49' title='bbox 232 735 365 812; x_wconf 88' lang='lat' dir='ltr'><strong>aequatis</strong></span> <span class='ocrx_word' id='word_1_50' title='bbox 387 737 534 813; x_wconf 92' lang='lat' dir='ltr'><strong>cepissent</strong></span> <span class='ocrx_word' id='word_1_51' title='bbox 557 736 690 813; x_wconf 86' lang='lat' dir='ltr'><strong>praemia</strong></span> <span class='ocrx_word' id='word_1_52' title='bbox 711 737 818 808; x_wconf 86' lang='lat' dir='ltr'><strong>rostris,</strong></span> 
     </span>
    </p>

    <p class='ocr_par' dir='ltr' id='par_1_8' title="bbox 77 814 908 973">
     <span class='ocr_line' id='line_1_9' title="bbox 78 814 886 894; baseline 0.004 -21"><span class='ocrx_word' id='word_1_53' title='bbox 78 814 127 884; x_wconf 91' lang='lat' dir='ltr'><strong>Ni</strong></span> <span class='ocrx_word' id='word_1_54' title='bbox 149 817 266 891; x_wconf 89' lang='lat' dir='ltr'><strong>palmas</strong></span> <span class='ocrx_word' id='word_1_55' title='bbox 290 828 383 893; x_wconf 92' lang='lat' dir='ltr'><strong>ponto</strong></span> <span class='ocrx_word' id='word_1_56' title='bbox 407 818 535 876; x_wconf 91' lang='lat' dir='ltr'><strong>tendens</strong></span> <span class='ocrx_word' id='word_1_57' title='bbox 558 828 697 894; x_wconf 87' lang='lat' dir='ltr'><strong>utrasque</strong></span> <span class='ocrx_word' id='word_1_58' title='bbox 720 818 886 877; x_wconf 85' lang='lat' dir='ltr'><strong>Cloanthus</strong></span> 
     </span>
     <span class='ocr_line' id='line_1_10' title="bbox 77 895 908 973; baseline 0.005 -19"><span class='ocrx_word' id='word_1_59' title='bbox 77 895 284 973; x_wconf 90' lang='lat' dir='ltr'><strong>Fudissetque</strong></span> <span class='ocrx_word' id='word_1_60' title='bbox 305 915 417 973; x_wconf 88' lang='lat' dir='ltr'><strong>preces,</strong></span> <span class='ocrx_word' id='word_1_61' title='bbox 443 897 586 972; x_wconf 90' lang='lat' dir='ltr'><strong>divosque</strong></span> <span class='ocrx_word' id='word_1_62' title='bbox 608 896 640 955; x_wconf 93' lang='lat' dir='ltr'><strong>in</strong></span> <span class='ocrx_word' id='word_1_63' title='bbox 664 909 733 957; x_wconf 89' lang='lat' dir='ltr'><strong>vota</strong></span> <span class='ocrx_word' id='word_1_64' title='bbox 755 908 908 958; x_wconf 86' lang='lat' dir='ltr'><strong>vocasset:</strong></span> 
     </span>
    </p>

    <p class='ocr_par' dir='ltr' id='par_1_9' title="bbox 68 975 1080 1294">
     <span class='ocr_line' id='line_1_11' title="bbox 80 975 1071 1054; baseline 0.003 -20"><span class='ocrx_word' id='word_1_65' title='bbox 80 975 153 1049; x_wconf 87' lang='lat' dir='ltr'><strong>‘Di,</strong></span> <span class='ocrx_word' id='word_1_66' title='bbox 178 977 286 1053; x_wconf 90' lang='lat' dir='ltr'><strong>quibus</strong></span> <span class='ocrx_word' id='word_1_67' title='bbox 307 976 464 1054; x_wconf 90' lang='lat' dir='ltr'><strong>imperium</strong></span> <span class='ocrx_word' id='word_1_68' title='bbox 488 989 533 1036; x_wconf 92' lang='lat' dir='ltr'><strong>est</strong></span> <span class='ocrx_word' id='word_1_69' title='bbox 556 977 661 1054; x_wconf 85' lang='lat' dir='ltr'><strong>pelagi,</strong></span> <span class='ocrx_word' id='word_1_70' title='bbox 688 996 813 1053; x_wconf 92' lang='lat' dir='ltr'><strong>quorum</strong></span> <span class='ocrx_word' id='word_1_71' title='bbox 827 997 957 1054; x_wconf 88' lang='lat' dir='ltr'><strong>aequora</strong></span> <span class='ocrx_word' id='word_1_72' title='bbox 979 998 1071 1048; x_wconf 91' lang='lat' dir='ltr'><strong>curro,</strong></span> 
     </span>
     <span class='ocr_line' id='line_1_12' title="bbox 81 1056 1080 1134; baseline 0.002 -19"><span class='ocrx_word' id='word_1_73' title='bbox 81 1056 198 1116; x_wconf 86' lang='lat' dir='ltr'><strong>‘Vobis</strong></span> <span class='ocrx_word' id='word_1_74' title='bbox 222 1058 316 1118; x_wconf 88' lang='lat' dir='ltr'><strong>laetus</strong></span> <span class='ocrx_word' id='word_1_75' title='bbox 337 1077 394 1134; x_wconf 88' lang='lat' dir='ltr'><strong>ego</strong></span> <span class='ocrx_word' id='word_1_76' title='bbox 415 1058 473 1117; x_wconf 92' lang='lat' dir='ltr'><strong>hoc</strong></span> <span class='ocrx_word' id='word_1_77' title='bbox 497 1059 675 1118; x_wconf 88' lang='lat' dir='ltr'><strong>candentem</strong></span> <span class='ocrx_word' id='word_1_78' title='bbox 697 1058 729 1116; x_wconf 91' lang='lat' dir='ltr'><strong>in</strong></span> <span class='ocrx_word' id='word_1_79' title='bbox 750 1057 834 1118; x_wconf 89' lang='lat' dir='ltr'><strong>litore</strong></span> <span class='ocrx_word' id='word_1_80' title='bbox 856 1069 971 1117; x_wconf 87' lang='lat' dir='ltr'><strong>taurum</strong></span> <span class='ocrx_word' id='word_1_81' title='bbox 1023 1061 1080 1134; x_wconf 85' lang='lat'><strong>236</strong></span> 
     </span>
     <span class='ocr_line' id='line_1_13' title="bbox 68 1136 924 1213; baseline 0.001 -16"><span class='ocrx_word' id='word_1_82' title='bbox 68 1136 291 1197; x_wconf 86' lang='lat' dir='ltr'><strong>-‘Constituam</strong></span> <span class='ocrx_word' id='word_1_83' title='bbox 314 1149 383 1198; x_wconf 90' lang='lat' dir='ltr'><strong>ante</strong></span> <span class='ocrx_word' id='word_1_84' title='bbox 405 1157 477 1211; x_wconf 90' lang='lat' dir='ltr'><strong>aras,</strong></span> <span class='ocrx_word' id='word_1_85' title='bbox 501 1137 564 1198; x_wconf 86' lang='lat' dir='ltr'><strong>voti</strong></span> <span class='ocrx_word' id='word_1_86' title='bbox 586 1157 661 1208; x_wconf 87' lang='lat' dir='ltr'><strong>reus,</strong></span> <span class='ocrx_word' id='word_1_87' title='bbox 684 1149 810 1213; x_wconf 81' lang='lat' dir='ltr'><strong>extaque</strong></span> <span class='ocrx_word' id='word_1_88' title='bbox 832 1138 924 1198; x_wconf 93' lang='lat' dir='ltr'><strong>salsos</strong></span> 
     </span>
     <span class='ocr_line' id='line_1_14' title="bbox 78 1217 934 1294; baseline 0.001 -19"><span class='ocrx_word' id='word_1_89' title='bbox 78 1217 265 1276; x_wconf 78' lang='lat' dir='ltr'><strong>‘Porticiam</strong></span> <span class='ocrx_word' id='word_1_90' title='bbox 289 1218 320 1276; x_wconf 92' lang='lat' dir='ltr'><strong>in</strong></span> <span class='ocrx_word' id='word_1_91' title='bbox 343 1220 458 1288; x_wconf 90' lang='lat' dir='ltr'><strong>fluctus,</strong></span> <span class='ocrx_word' id='word_1_92' title='bbox 483 1229 513 1278; x_wconf 90' lang='lat' dir='ltr'><strong>et</strong></span> <span class='ocrx_word' id='word_1_93' title='bbox 536 1217 605 1277; x_wconf 91' lang='lat' dir='ltr'><strong>vina</strong></span> <span class='ocrx_word' id='word_1_94' title='bbox 626 1217 770 1294; x_wconf 86' lang='lat' dir='ltr'><strong>liquentia</strong></span> <span class='ocrx_word' id='word_1_95' title='bbox 791 1219 934 1277; x_wconf 69' lang='lat' dir='ltr'><strong>fundam!</strong></span> 
     </span>
    </p>

    <p class='ocr_par' dir='ltr' id='par_1_10' title="bbox 76 1296 1078 1535">
     <span class='ocr_line' id='line_1_15' title="bbox 77 1296 895 1373; baseline 0.004 -19"><span class='ocrx_word' id='word_1_96' title='bbox 77 1296 175 1367; x_wconf 87' lang='lat' dir='ltr'><strong>Dixit,</strong></span> <span class='ocrx_word' id='word_1_97' title='bbox 198 1316 327 1373; x_wconf 91' lang='lat' dir='ltr'><strong>eumque</strong></span> <span class='ocrx_word' id='word_1_98' title='bbox 348 1298 415 1357; x_wconf 91' lang='lat' dir='ltr'><strong>imis</strong></span> <span class='ocrx_word' id='word_1_99' title='bbox 439 1299 496 1357; x_wconf 93' lang='lat' dir='ltr'><strong>sub</strong></span> <span class='ocrx_word' id='word_1_100' title='bbox 519 1298 657 1357; x_wconf 90' lang='lat' dir='ltr'><strong>fluctibus</strong></span> <span class='ocrx_word' id='word_1_101' title='bbox 681 1297 775 1358; x_wconf 91' lang='lat' dir='ltr'><strong>audiit</strong></span> <span class='ocrx_word' id='word_1_102' title='bbox 798 1298 895 1358; x_wconf 91' lang='lat' dir='ltr'><strong>omnis</strong></span> 
     </span>
     <span class='ocr_line' id='line_1_16' title="bbox 76 1377 1078 1456; baseline 0.004 -21"><span class='ocrx_word' id='word_1_103' title='bbox 76 1378 247 1438; x_wconf 78' lang='lat' dir='ltr'><strong>Nereidum</strong></span> <span class='ocrx_word' id='word_1_104' title='bbox 270 1377 437 1455; x_wconf 89' lang='lat' dir='ltr'><strong>Phorcique</strong></span> <span class='ocrx_word' id='word_1_105' title='bbox 461 1380 577 1450; x_wconf 90' lang='lat' dir='ltr'><strong>chorus,</strong></span> <span class='ocrx_word' id='word_1_106' title='bbox 603 1381 802 1455; x_wconf 89' lang='lat' dir='ltr'><strong>Panopeaque</strong></span> <span class='ocrx_word' id='word_1_107' title='bbox 823 1378 916 1456; x_wconf 89' lang='lat' dir='ltr'><strong>virgo;</strong></span> <span class='ocrx_word' id='word_1_108' title='bbox 1020 1401 1078 1453; x_wconf 87' lang='lat'><strong>240</strong></span> 
     </span>
     <span class='ocr_line' id='line_1_17' title="bbox 76 1457 873 1535; baseline 0.003 -19"><span class='ocrx_word' id='word_1_109' title='bbox 76 1460 121 1516; x_wconf 94' lang='lat' dir='ltr'><strong>Et</strong></span> <span class='ocrx_word' id='word_1_110' title='bbox 144 1469 228 1534; x_wconf 91' lang='lat' dir='ltr'><strong>pater</strong></span> <span class='ocrx_word' id='word_1_111' title='bbox 251 1457 315 1535; x_wconf 91' lang='lat' dir='ltr'><strong>ipse</strong></span> <span class='ocrx_word' id='word_1_112' title='bbox 338 1479 429 1518; x_wconf 89' lang='lat' dir='ltr'><strong>manu</strong></span> <span class='ocrx_word' id='word_1_113' title='bbox 452 1477 559 1535; x_wconf 89' lang='lat' dir='ltr'><strong>magna</strong></span> <span class='ocrx_word' id='word_1_114' title='bbox 582 1460 728 1518; x_wconf 91' lang='lat' dir='ltr'><strong>Portunus</strong></span> <span class='ocrx_word' id='word_1_115' title='bbox 753 1468 873 1519; x_wconf 90' lang='lat' dir='ltr'><strong>euntem</strong></span> 
     </span>
    </p>

    <p class='ocr_par' dir='ltr' id='par_1_11' title="bbox 76 1537 834 1617">
     <span class='ocr_line' id='line_1_18' title="bbox 76 1537 834 1617; baseline 0.004 -21"><span class='ocrx_word' id='word_1_116' title='bbox 76 1537 226 1614; x_wconf 89' lang='lat' dir='ltr'><strong>Impulit:</strong></span> <span class='ocrx_word' id='word_1_117' title='bbox 252 1538 303 1598; x_wconf 90' lang='lat' dir='ltr'><strong>illa</strong></span> <span class='ocrx_word' id='word_1_118' title='bbox 325 1541 408 1598; x_wconf 93' lang='lat' dir='ltr'><strong>Noto</strong></span> <span class='ocrx_word' id='word_1_119' title='bbox 433 1538 519 1598; x_wconf 89' lang='lat' dir='ltr'><strong>citius</strong></span> <span class='ocrx_word' id='word_1_120' title='bbox 542 1539 713 1616; x_wconf 90' lang='lat' dir='ltr'><strong>volucrique</strong></span> <span class='ocrx_word' id='word_1_121' title='bbox 728 1540 834 1617; x_wconf 90' lang='lat' dir='ltr'><strong>sagitta</strong></span> 
     </span>
    </p>

    <p class='ocr_par' dir='ltr' id='par_1_12' title="bbox 75 1619 833 1696">
     <span class='ocr_line' id='line_1_19' title="bbox 75 1619 833 1696; baseline 0.005 -20"><span class='ocrx_word' id='word_1_122' title='bbox 75 1620 131 1678; x_wconf 90' lang='lat' dir='ltr'><strong>Ad</strong></span> <span class='ocrx_word' id='word_1_123' title='bbox 155 1629 262 1679; x_wconf 87' lang='lat' dir='ltr'><strong>terram</strong></span> <span class='ocrx_word' id='word_1_124' title='bbox 286 1619 368 1696; x_wconf 87' lang='lat' dir='ltr'><strong>fugit,</strong></span> <span class='ocrx_word' id='word_1_125' title='bbox 391 1630 421 1678; x_wconf 92' lang='lat' dir='ltr'><strong>et</strong></span> <span class='ocrx_word' id='word_1_126' title='bbox 444 1629 533 1696; x_wconf 92' lang='lat' dir='ltr'><strong>portu</strong></span> <span class='ocrx_word' id='word_1_127' title='bbox 556 1638 588 1680; x_wconf 92' lang='lat' dir='ltr'><strong>se</strong></span> <span class='ocrx_word' id='word_1_128' title='bbox 609 1620 744 1680; x_wconf 92' lang='lat' dir='ltr'><strong>condidit</strong></span> <span class='ocrx_word' id='word_1_129' title='bbox 764 1622 833 1680; x_wconf 87' lang='lat' dir='ltr'><strong>alto.</strong></span> 
     </span>
    </p>

    <p class='ocr_par' dir='ltr' id='par_1_13' title="bbox 75 1699 874 1777">
     <span class='ocr_line' id='line_1_20' title="bbox 75 1699 874 1777; baseline 0.004 -21"><span class='ocrx_word' id='word_1_130' title='bbox 75 1701 158 1757; x_wconf 92' lang='lat' dir='ltr'><strong>Tum</strong></span> <span class='ocrx_word' id='word_1_131' title='bbox 183 1709 263 1759; x_wconf 91' lang='lat' dir='ltr'><strong>satus</strong></span> <span class='ocrx_word' id='word_1_132' title='bbox 286 1699 426 1771; x_wconf 87' lang='lat' dir='ltr'><strong>Anchisa,</strong></span> <span class='ocrx_word' id='word_1_133' title='bbox 452 1699 565 1759; x_wconf 91' lang='lat' dir='ltr'><strong>cunctis</strong></span> <span class='ocrx_word' id='word_1_134' title='bbox 590 1719 627 1758; x_wconf 88' lang='lat' dir='ltr'><strong>ex</strong></span> <span class='ocrx_word' id='word_1_135' title='bbox 650 1720 733 1760; x_wconf 87' lang='lat' dir='ltr'><strong>more</strong></span> <span class='ocrx_word' id='word_1_136' title='bbox 754 1701 874 1777; x_wconf 87' lang='lat' dir='ltr'><strong>vocatis,</strong></span> 
     </span>
    </p>

    <p class='ocr_par' dir='ltr' id='par_1_14' title="bbox 74 1779 1073 1938">
     <span class='ocr_line' id='line_1_21' title="bbox 74 1779 1073 1857; baseline 0.003 -21"><span class='ocrx_word' id='word_1_137' title='bbox 74 1779 232 1839; x_wconf 89' lang='lat' dir='ltr'><strong>Victorem</strong></span> <span class='ocrx_word' id='word_1_138' title='bbox 255 1799 364 1856; x_wconf 89' lang='lat' dir='ltr'><strong>magna</strong></span> <span class='ocrx_word' id='word_1_139' title='bbox 388 1779 541 1856; x_wconf 89' lang='lat' dir='ltr'><strong>praeconis</strong></span> <span class='ocrx_word' id='word_1_140' title='bbox 565 1800 639 1840; x_wconf 91' lang='lat' dir='ltr'><strong>voce</strong></span> <span class='ocrx_word' id='word_1_141' title='bbox 662 1782 842 1841; x_wconf 90' lang='lat' dir='ltr'><strong>Cloanthum</strong></span> <span class='ocrx_word' id='word_1_142' title='bbox 1018 1799 1073 1857; x_wconf 84' lang='lat'><strong>245</strong></span> 
     </span>
     <span class='ocr_line' id='line_1_22' title="bbox 78 1859 821 1938; baseline 0.003 -20"><span class='ocrx_word' id='word_1_143' title='bbox 78 1862 230 1931; x_wconf 84' lang='lat' dir='ltr'><strong>Declarat,</strong></span> <span class='ocrx_word' id='word_1_144' title='bbox 255 1859 400 1936; x_wconf 88' lang='lat' dir='ltr'><strong>viridique</strong></span> <span class='ocrx_word' id='word_1_145' title='bbox 424 1861 541 1920; x_wconf 89' lang='lat' dir='ltr'><strong>advelat</strong></span> <span class='ocrx_word' id='word_1_146' title='bbox 565 1871 699 1938; x_wconf 89' lang='lat' dir='ltr'><strong>tempora</strong></span> <span class='ocrx_word' id='word_1_147' title='bbox 721 1863 802 1920; x_wconf 86' lang='lat' dir='ltr'><strong>lauro</strong></span> <span class='ocrx_word' id='word_1_148' title='bbox 812 1884 821 1937; x_wconf 89' lang='lat'>;</span> 
     </span>
    </p>

    <p class='ocr_par' dir='ltr' id='par_1_15' title="bbox 77 1941 841 2017">
     <span class='ocr_line' id='line_1_23' title="bbox 77 1941 841 2017; baseline 0.005 -19"><span class='ocrx_word' id='word_1_149' title='bbox 77 1942 266 2017; x_wconf 90' lang='lat' dir='ltr'><strong>Muneraque</strong></span> <span class='ocrx_word' id='word_1_150' title='bbox 289 1941 321 2000; x_wconf 93' lang='lat' dir='ltr'><strong>in</strong></span> <span class='ocrx_word' id='word_1_151' title='bbox 345 1960 435 2000; x_wconf 90' lang='lat' dir='ltr'><strong>naves</strong></span> <span class='ocrx_word' id='word_1_152' title='bbox 457 1951 555 2001; x_wconf 89' lang='lat' dir='ltr'><strong>ternos</strong></span> <span class='ocrx_word' id='word_1_153' title='bbox 577 1950 679 2017; x_wconf 89' lang='lat' dir='ltr'><strong>optare</strong></span> <span class='ocrx_word' id='word_1_154' title='bbox 701 1941 841 2002; x_wconf 91' lang='lat' dir='ltr'><strong>iuvencos</strong></span> 
     </span>
    </p>

    <p class='ocr_par' dir='ltr' id='par_1_16' title="bbox 75 2020 917 2098">
     <span class='ocr_line' id='line_1_24' title="bbox 75 2020 917 2098; baseline 0.002 -20"><span class='ocrx_word' id='word_1_155' title='bbox 75 2020 218 2097; x_wconf 88' lang='lat' dir='ltr'><strong>Vinaque</strong></span> <span class='ocrx_word' id='word_1_156' title='bbox 242 2031 272 2080; x_wconf 93' lang='lat' dir='ltr'><strong>et</strong></span> <span class='ocrx_word' id='word_1_157' title='bbox 295 2021 408 2098; x_wconf 88' lang='lat' dir='ltr'><strong>argenti</strong></span> <span class='ocrx_word' id='word_1_158' title='bbox 431 2040 572 2098; x_wconf 90' lang='lat' dir='ltr'><strong>magnum</strong></span> <span class='ocrx_word' id='word_1_159' title='bbox 595 2024 646 2081; x_wconf 90' lang='lat' dir='ltr'><strong>dat</strong></span> <span class='ocrx_word' id='word_1_160' title='bbox 669 2023 742 2082; x_wconf 89' lang='lat' dir='ltr'><strong>serre</strong></span> <span class='ocrx_word' id='word_1_161' title='bbox 767 2024 917 2082; x_wconf 91' lang='lat' dir='ltr'><strong>talentum.</strong></span> 
     </span>
    </p>

    <p class='ocr_par' dir='ltr' id='par_1_17' title="bbox 75 2100 831 2178">
     <span class='ocr_line' id='line_1_25' title="bbox 75 2100 831 2178; baseline 0.001 -20"><span class='ocrx_word' id='word_1_162' title='bbox 75 2100 157 2177; x_wconf 93' lang='lat' dir='ltr'><strong>Ipsis</strong></span> <span class='ocrx_word' id='word_1_163' title='bbox 182 2100 359 2178; x_wconf 88' lang='lat' dir='ltr'><strong>praecipuos</strong></span> <span class='ocrx_word' id='word_1_164' title='bbox 385 2101 554 2161; x_wconf 88' lang='lat' dir='ltr'><strong>ductoribus</strong></span> <span class='ocrx_word' id='word_1_165' title='bbox 578 2101 662 2161; x_wconf 89' lang='lat' dir='ltr'><strong>addit</strong></span> <span class='ocrx_word' id='word_1_166' title='bbox 685 2102 831 2162; x_wconf 91' lang='lat' dir='ltr'><strong>honores:</strong></span> 
     </span>
    </p>

    <p class='ocr_par' dir='ltr' id='par_1_18' title="bbox 73 2181 1073 2419">
     <span class='ocr_line' id='line_1_26' title="bbox 73 2181 1073 2260; baseline 0.001 -21"><span class='ocrx_word' id='word_1_167' title='bbox 73 2181 193 2243; x_wconf 86' lang='lat' dir='ltr'><strong>Victori</strong></span> <span class='ocrx_word' id='word_1_168' title='bbox 214 2182 401 2259; x_wconf 89' lang='lat' dir='ltr'><strong>chlamydem</strong></span> <span class='ocrx_word' id='word_1_169' title='bbox 425 2192 564 2252; x_wconf 88' lang='lat' dir='ltr'><strong>auratam,</strong></span> <span class='ocrx_word' id='word_1_170' title='bbox 591 2201 681 2258; x_wconf 90' lang='lat' dir='ltr'><strong>quam</strong></span> <span class='ocrx_word' id='word_1_171' title='bbox 704 2181 830 2258; x_wconf 90' lang='lat' dir='ltr'><strong>plurima</strong></span> <span class='ocrx_word' id='word_1_172' title='bbox 852 2181 961 2241; x_wconf 86' lang='lat' dir='ltr'><strong>circum</strong></span> <span class='ocrx_word' id='word_1_173' title='bbox 1016 2201 1073 2260; x_wconf 88' lang='grc' dir='ltr'><strong>25ο</strong></span> 
     </span>
     <span class='ocr_line' id='line_1_27' title="bbox 75 2261 880 2338; baseline 0.004 -18"><span class='ocrx_word' id='word_1_174' title='bbox 75 2264 213 2338; x_wconf 84' lang='lat' dir='ltr'><strong>Purpura</strong></span> <span class='ocrx_word' id='word_1_175' title='bbox 236 2263 401 2322; x_wconf 91' lang='lat' dir='ltr'><strong>Maeandro</strong></span> <span class='ocrx_word' id='word_1_176' title='bbox 426 2261 538 2338; x_wconf 91' lang='lat' dir='ltr'><strong>duplici</strong></span> <span class='ocrx_word' id='word_1_177' title='bbox 562 2262 714 2321; x_wconf 87' lang='lat' dir='ltr'><strong>Meliboea</strong></span> <span class='ocrx_word' id='word_1_178' title='bbox 735 2261 863 2323; x_wconf 91' lang='lat' dir='ltr'><strong>cucurrit</strong></span> <span class='ocrx_word' id='word_1_179' title='bbox 870 2283 880 2337; x_wconf 82' lang='lat'><em>3</em></span> 
     </span>
     <span class='ocr_line' id='line_1_28' title="bbox 73 2341 726 2419; baseline 0.003 -19"><span class='ocrx_word' id='word_1_180' title='bbox 73 2345 274 2418; x_wconf 89' lang='lat' dir='ltr'><strong>Intextusque</strong></span> <span class='ocrx_word' id='word_1_181' title='bbox 295 2362 368 2419; x_wconf 91' lang='lat' dir='ltr'><strong>puer</strong></span> <span class='ocrx_word' id='word_1_182' title='bbox 388 2343 529 2402; x_wconf 88' lang='lat' dir='ltr'><strong>frondosa</strong></span> <span class='ocrx_word' id='word_1_183' title='bbox 552 2341 647 2418; x_wconf 91' lang='lat' dir='ltr'><strong>regius</strong></span> <span class='ocrx_word' id='word_1_184' title='bbox 670 2343 726 2402; x_wconf 89' lang='lat' dir='ltr'><strong>Ida</strong></span> 
     </span>
    </p>

    <p class='ocr_par' dir='ltr' id='par_1_19' title="bbox 72 2421 743 2500">
     <span class='ocr_line' id='line_1_29' title="bbox 72 2421 743 2500; baseline 0.003 -19"><span class='ocrx_word' id='word_1_185' title='bbox 72 2424 205 2482; x_wconf 86' lang='lat' dir='ltr'><strong>Veloces</strong></span> <span class='ocrx_word' id='word_1_186' title='bbox 226 2423 323 2482; x_wconf 90' lang='lat' dir='ltr'><strong>iaculo</strong></span> <span class='ocrx_word' id='word_1_187' title='bbox 345 2442 447 2482; x_wconf 83' lang='lat' dir='ltr'><strong>cervos</strong></span> <span class='ocrx_word' id='word_1_188' title='bbox 472 2441 618 2498; x_wconf 89' lang='lat' dir='ltr'><strong>cursuque</strong></span> <span class='ocrx_word' id='word_1_189' title='bbox 641 2421 743 2500; x_wconf 87' lang='lat' dir='ltr'><strong>fatigat</strong></span> 
     </span>
    </p>

    <p class='ocr_par' dir='ltr' id='par_1_20' title="bbox 72 2501 871 2580">
     <span class='ocr_line' id='line_1_30' title="bbox 72 2501 871 2580; baseline 0.003 -18"><span class='ocrx_word' id='word_1_190' title='bbox 72 2505 162 2574; x_wconf 89' lang='lat' dir='ltr'><strong>Acer,</strong></span> <span class='ocrx_word' id='word_1_191' title='bbox 187 2502 338 2562; x_wconf 88' lang='lat' dir='ltr'><strong>anhelanti</strong></span> <span class='ocrx_word' id='word_1_192' title='bbox 360 2501 469 2576; x_wconf 89' lang='lat' dir='ltr'><strong>similis,</strong></span> <span class='ocrx_word' id='word_1_193' title='bbox 494 2521 584 2579; x_wconf 91' lang='lat' dir='ltr'><strong>quem</strong></span> <span class='ocrx_word' id='word_1_194' title='bbox 606 2522 729 2580; x_wconf 88' lang='lat' dir='ltr'><strong>praepes</strong></span> <span class='ocrx_word' id='word_1_195' title='bbox 752 2505 790 2564; x_wconf 92' lang='lat' dir='ltr'><strong>ab</strong></span> <span class='ocrx_word' id='word_1_196' title='bbox 815 2506 871 2564; x_wconf 90' lang='lat' dir='ltr'><strong>Ida</strong></span> 
     </span>
    </p>

    <p class='ocr_par' dir='ltr' id='par_1_21' title="bbox 71 2581 1067 2820">
     <span class='ocr_line' id='line_1_31' title="bbox 71 2581 1067 2662; baseline -0.001 -19"><span class='ocrx_word' id='word_1_197' title='bbox 71 2583 238 2643; x_wconf 88' lang='lat' dir='ltr'><strong>Sublimem</strong></span> <span class='ocrx_word' id='word_1_198' title='bbox 259 2583 385 2659; x_wconf 91' lang='lat' dir='ltr'><strong>pedibus</strong></span> <span class='ocrx_word' id='word_1_199' title='bbox 408 2581 503 2659; x_wconf 91' lang='lat' dir='ltr'><strong>rapuit</strong></span> <span class='ocrx_word' id='word_1_200' title='bbox 527 2582 607 2642; x_wconf 94' lang='lat' dir='ltr'><strong>Iovis</strong></span> <span class='ocrx_word' id='word_1_201' title='bbox 630 2583 754 2660; x_wconf 85' lang='lat' dir='ltr'><strong>armiger</strong></span> <span class='ocrx_word' id='word_1_202' title='bbox 775 2585 866 2644; x_wconf 91' lang='lat' dir='ltr'><strong>uncis.</strong></span> <span class='ocrx_word' id='word_1_203' title='bbox 1012 2602 1067 2662; x_wconf 86' lang='lat'><strong>255</strong></span> 
     </span>
     <span class='ocr_line' id='line_1_32' title="bbox 71 2662 902 2740; baseline 0.001 -17"><span class='ocrx_word' id='word_1_204' title='bbox 71 2662 228 2740; x_wconf 86' lang='lat' dir='ltr'><strong>Longaevi</strong></span> <span class='ocrx_word' id='word_1_205' title='bbox 249 2665 363 2740; x_wconf 92' lang='lat' dir='ltr'><strong>palmas</strong></span> <span class='ocrx_word' id='word_1_206' title='bbox 386 2663 569 2740; x_wconf 89' lang='lat' dir='ltr'><strong>nequiquam</strong></span> <span class='ocrx_word' id='word_1_207' title='bbox 593 2664 632 2722; x_wconf 91' lang='lat' dir='ltr'><strong>ad</strong></span> <span class='ocrx_word' id='word_1_208' title='bbox 656 2663 752 2724; x_wconf 89' lang='lat' dir='ltr'><strong>sidera</strong></span> <span class='ocrx_word' id='word_1_209' title='bbox 776 2666 902 2724; x_wconf 90' lang='lat' dir='ltr'><strong>tendunt</strong></span> 
     </span>
     <span class='ocr_line' id='line_1_33' title="bbox 71 2744 847 2820; baseline -0.003 -16"><span class='ocrx_word' id='word_1_210' title='bbox 71 2745 231 2816; x_wconf 90' lang='lat' dir='ltr'><strong>Custodes,</strong></span> <span class='ocrx_word' id='word_1_211' title='bbox 254 2744 405 2820; x_wconf 91' lang='lat' dir='ltr'><strong>saevitque</strong></span> <span class='ocrx_word' id='word_1_212' title='bbox 429 2763 536 2802; x_wconf 91' lang='lat' dir='ltr'><strong>canum</strong></span> <span class='ocrx_word' id='word_1_213' title='bbox 557 2746 676 2803; x_wconf 84' lang='lat' dir='ltr'><strong>latratus</strong></span> <span class='ocrx_word' id='word_1_214' title='bbox 700 2744 731 2803; x_wconf 92' lang='lat' dir='ltr'><strong>in</strong></span> <span class='ocrx_word' id='word_1_215' title='bbox 755 2763 847 2804; x_wconf 92' lang='lat' dir='ltr'><strong>auras.</strong></span> 
     </span>
    </p>

    <p class='ocr_par' dir='ltr' id='par_1_22' title="bbox 69 2822 888 2900">
     <span class='ocr_line' id='line_1_34' title="bbox 69 2822 888 2900; baseline -0.002 -16"><span class='ocrx_word' id='word_1_216' title='bbox 69 2829 114 2884; x_wconf 92' lang='lat' dir='ltr'><strong>At</strong></span> <span class='ocrx_word' id='word_1_217' title='bbox 139 2822 191 2900; x_wconf 91' lang='lat' dir='ltr'><strong>qui</strong></span> <span class='ocrx_word' id='word_1_218' title='bbox 214 2822 323 2884; x_wconf 91' lang='lat' dir='ltr'><strong>deinde</strong></span> <span class='ocrx_word' id='word_1_219' title='bbox 346 2824 446 2883; x_wconf 92' lang='lat' dir='ltr'><strong>locum</strong></span> <span class='ocrx_word' id='word_1_220' title='bbox 467 2823 563 2884; x_wconf 91' lang='lat' dir='ltr'><strong>tenuit</strong></span> <span class='ocrx_word' id='word_1_221' title='bbox 584 2823 691 2882; x_wconf 88' lang='lat' dir='ltr'><strong>virtute</strong></span> <span class='ocrx_word' id='word_1_222' title='bbox 716 2825 888 2895; x_wconf 90' lang='lat' dir='ltr'><strong>secundum,</strong></span> 
     </span>
    </p>

    <p class='ocr_par' dir='ltr' id='par_1_23' title="bbox 70 2903 1068 3142">
     <span class='ocr_line' id='line_1_35' title="bbox 70 2903 908 2979; baseline -0.004 -14"><span class='ocrx_word' id='word_1_223' title='bbox 70 2903 204 2965; x_wconf 87' lang='lat' dir='ltr'><strong>Levibus</strong></span> <span class='ocrx_word' id='word_1_224' title='bbox 227 2904 298 2963; x_wconf 91' lang='lat' dir='ltr'><strong>huic</strong></span> <span class='ocrx_word' id='word_1_225' title='bbox 321 2903 416 2963; x_wconf 89' lang='lat' dir='ltr'><strong>hamis</strong></span> <span class='ocrx_word' id='word_1_226' title='bbox 440 2914 606 2964; x_wconf 89' lang='lat' dir='ltr'><strong>consertam</strong></span> <span class='ocrx_word' id='word_1_227' title='bbox 629 2921 758 2979; x_wconf 89' lang='lat' dir='ltr'><strong>auroque</strong></span> <span class='ocrx_word' id='word_1_228' title='bbox 784 2903 908 2963; x_wconf 89' lang='lat' dir='ltr'><strong>trilicem</strong></span> 
     </span>
     <span class='ocr_line' id='line_1_36' title="bbox 70 2982 1068 3061; baseline -0.001 -17"><span class='ocrx_word' id='word_1_229' title='bbox 70 2983 219 3056; x_wconf 91' lang='lat' dir='ltr'><strong>Loricam,</strong></span> <span class='ocrx_word' id='word_1_230' title='bbox 244 3004 336 3061; x_wconf 91' lang='lat' dir='ltr'><strong>quam</strong></span> <span class='ocrx_word' id='word_1_231' title='bbox 359 2987 507 3044; x_wconf 90' lang='lat' dir='ltr'><strong>Demoleo</strong></span> <span class='ocrx_word' id='word_1_232' title='bbox 532 2986 696 3044; x_wconf 88' lang='lat' dir='ltr'><strong>detraxerat</strong></span> <span class='ocrx_word' id='word_1_233' title='bbox 719 2982 784 3059; x_wconf 89' lang='lat' dir='ltr'><strong>ipse</strong></span> <span class='ocrx_word' id='word_1_234' title='bbox 1010 2988 1068 3043; x_wconf 89' lang='lat'><strong>260</strong></span> 
     </span>
     <span class='ocr_line' id='line_1_37' title="bbox 70 3063 865 3142; baseline 0.001 -19"><span class='ocrx_word' id='word_1_235' title='bbox 70 3065 177 3124; x_wconf 93' lang='lat' dir='ltr'><strong>Victor</strong></span> <span class='ocrx_word' id='word_1_236' title='bbox 200 3065 281 3142; x_wconf 91' lang='lat' dir='ltr'><strong>apud</strong></span> <span class='ocrx_word' id='word_1_237' title='bbox 302 3063 437 3141; x_wconf 90' lang='lat' dir='ltr'><strong>rapidum</strong></span> <span class='ocrx_word' id='word_1_238' title='bbox 462 3065 614 3125; x_wconf 87' lang='lat' dir='ltr'><strong>Simoenta</strong></span> <span class='ocrx_word' id='word_1_239' title='bbox 636 3064 691 3123; x_wconf 91' lang='lat' dir='ltr'><strong>sub</strong></span> <span class='ocrx_word' id='word_1_240' title='bbox 716 3063 774 3124; x_wconf 91' lang='lat' dir='ltr'><strong>Ilio</strong></span> <span class='ocrx_word' id='word_1_241' title='bbox 795 3065 865 3136; x_wconf 89' lang='lat' dir='ltr'><strong>alto,</strong></span> 
     </span>
    </p>

    <p class='ocr_par' dir='ltr' id='par_1_24' title="bbox 71 3143 899 3214">
     <span class='ocr_line' id='line_1_38' title="bbox 71 3143 899 3214; baseline -0.001 -8"><span class='ocrx_word' id='word_1_242' title='bbox 71 3149 176 3206; x_wconf 86' lang='lat' dir='ltr'><strong>Donat</strong></span> <span class='ocrx_word' id='word_1_243' title='bbox 199 3145 308 3205; x_wconf 87' lang='lat' dir='ltr'><strong>habere</strong></span> <span class='ocrx_word' id='word_1_244' title='bbox 331 3144 402 3214; x_wconf 84' lang='lat' dir='ltr'><strong>vim,</strong></span> <span class='ocrx_word' id='word_1_245' title='bbox 426 3147 517 3205; x_wconf 89' lang='lat' dir='ltr'><strong>decus</strong></span> <span class='ocrx_word' id='word_1_246' title='bbox 541 3155 571 3204; x_wconf 92' lang='lat' dir='ltr'><strong>et</strong></span> <span class='ocrx_word' id='word_1_247' title='bbox 593 3154 727 3203; x_wconf 90' lang='lat' dir='ltr'><strong>tutamen</strong></span> <span class='ocrx_word' id='word_1_248' title='bbox 751 3144 782 3203; x_wconf 89' lang='lat' dir='ltr'><strong>in</strong></span> <span class='ocrx_word' id='word_1_249' title='bbox 803 3143 899 3205; x_wconf 86' lang='lat' dir='ltr'><strong>armis</strong></span> 
     </span>
    </p>

    <p class='ocr_par' dir='ltr' id='par_1_25' title="bbox 71 3223 1062 3461">
     <span class='ocr_line' id='line_1_39' title="bbox 71 3223 864 3301; baseline 0 -17"><span class='ocrx_word' id='word_1_250' title='bbox 71 3225 131 3285; x_wconf 89' lang='lat' dir='ltr'><strong>Vix</strong></span> <span class='ocrx_word' id='word_1_251' title='bbox 150 3225 231 3284; x_wconf 87' lang='lat' dir='ltr'><strong>illam</strong></span> <span class='ocrx_word' id='word_1_252' title='bbox 256 3224 360 3285; x_wconf 87' lang='lat' dir='ltr'><strong>famuli</strong></span> <span class='ocrx_word' id='word_1_253' title='bbox 382 3226 515 3301; x_wconf 90' lang='lat' dir='ltr'><strong>Phegeus</strong></span> <span class='ocrx_word' id='word_1_254' title='bbox 537 3223 709 3300; x_wconf 87' lang='lat' dir='ltr'><strong>Sagarisque</strong></span> <span class='ocrx_word' id='word_1_255' title='bbox 731 3226 864 3285; x_wconf 89' lang='lat' dir='ltr'><strong>serebant</strong></span> 
     </span>
     <span class='ocr_line' id='line_1_40' title="bbox 72 3304 885 3381; baseline -0.005 -15"><span class='ocrx_word' id='word_1_256' title='bbox 72 3305 281 3381; x_wconf 90' lang='lat' dir='ltr'><strong>Multiplicem,</strong></span> <span class='ocrx_word' id='word_1_257' title='bbox 304 3304 423 3376; x_wconf 87' lang='lat' dir='ltr'><strong>connixi</strong></span> <span class='ocrx_word' id='word_1_258' title='bbox 444 3304 591 3378; x_wconf 87' lang='lat' dir='ltr'><strong>humeris;</strong></span> <span class='ocrx_word' id='word_1_259' title='bbox 618 3304 739 3365; x_wconf 91' lang='lat' dir='ltr'><strong>indutus</strong></span> <span class='ocrx_word' id='word_1_260' title='bbox 761 3315 792 3365; x_wconf 87' lang='lat' dir='ltr'><strong>at</strong></span> <span class='ocrx_word' id='word_1_261' title='bbox 814 3305 885 3365; x_wconf 92' lang='lat' dir='ltr'><strong>olim</strong></span> 
     </span>
     <span class='ocr_line' id='line_1_41' title="bbox 73 3387 1062 3461; baseline -0.001 -14"><span class='ocrx_word' id='word_1_262' title='bbox 73 3388 236 3448; x_wconf 91' lang='lat' dir='ltr'><strong>Demoleos</strong></span> <span class='ocrx_word' id='word_1_263' title='bbox 261 3405 349 3444; x_wconf 92' lang='lat' dir='ltr'><strong>cursu</strong></span> <span class='ocrx_word' id='word_1_264' title='bbox 372 3388 506 3461; x_wconf 88' lang='lat' dir='ltr'><strong>palantes</strong></span> <span class='ocrx_word' id='word_1_265' title='bbox 529 3387 624 3445; x_wconf 90' lang='lat' dir='ltr'><strong>Troas</strong></span> <span class='ocrx_word' id='word_1_266' title='bbox 647 3387 760 3461; x_wconf 87' lang='lat' dir='ltr'><strong>agebat.</strong></span> <span class='ocrx_word' id='word_1_267' title='bbox 1007 3391 1062 3460; x_wconf 83' lang='lat'><strong>265</strong></span> 
     </span>
    </p>
   </div>
   <div class='ocr_carea' id='block_1_4' title="bbox 869 3510 963 3564">
    <p class='ocr_par' dir='ltr' id='par_1_26' title="bbox 869 3510 963 3564">
     <span class='ocr_line' id='line_1_42' title="bbox 869 3510 963 3564; baseline -0.043 0"><span class='ocrx_word' id='word_1_268' title='bbox 869 3510 963 3564; x_wconf 74' lang='lat' dir='ltr'><strong>atr-2</strong></span> 
     </span>
    </p>
   </div>
   <div class='ocr_carea' id='block_1_5' title="bbox 0 0 1234 3686">
    <p class='ocr_par' dir='ltr' id='par_1_27' title="bbox 0 0 1234 3686">
     <span class='ocr_line' id='line_1_43' title="bbox 0 0 1234 3686; baseline 0 4"><span class='ocrx_word' id='word_1_269' title='bbox 0 0 1234 3686; x_wconf 95' lang='lat' dir='ltr'><strong> </strong></span> 
     </span>
    </p>
   </div>
  </div>
 </body>
</html>
