2442 3686
382 113 387 120 ’
444 137 685 199 Aruernos
709 135 793 194 rra.
820 135 856 191 x
1069 135 1126 208 3⁶5

83 249 86 252 ¹
147 259 303 322 Concessit
323 271 435 320 maesta
456 261 495 320 ad
518 264 633 334 Manes,
655 279 818 336 corpusque
839 258 961 335 reliquit.
1072 263 1129 316 820

145 343 190 398 At
210 359 280 400 vero
303 349 336 398 ut
357 342 468 398 voltum
492 341 564 398 vidit
586 340 734 399 morientis
758 351 787 399 et
809 359 868 413 ora,

148 420 211 478 Ora
233 418 328 477 modis
350 418 543 477 Anchisiades
564 420 703 494 pallentia
725 419 812 489 miris,

147 497 298 572 Ingemuit
320 497 460 587 miserans
482 498 613 572 graviter,
639 499 827 572 dextramque
851 497 982 568 tetendit,
1085 559 1088 563 ,

148 579 189 634 Et
212 586 341 634 mentem
364 587 472 651 patriae
497 575 584 634 subiit
608 576 724 651 pietatis
746 577 850 651 imago.

149 654 250 728 ‘Quid
270 654 326 713 tibi
344 673 431 726 nunc,
453 653 616 713 miserande
636 674 716 729 puer,
738 673 792 730 pro
814 654 947 713 laudibus
969 652 1038 725 istis,
1071 658 1124 722 825

149 734 251 806 ‘Quid
272 733 337 808 pins
358 736 474 792 Aeneas
496 744 576 792 tanta
598 733 679 792 dabit
703 733 801 792 indole
823 732 964 808 dignum?

149 815 268 883 ‘Arma
292 811 396 887 quibus
419 813 550 884 laetatus
575 813 650 871 habe
673 823 741 886 tua;
767 822 854 889 teque
878 823 1029 887 parentum

149 891 309 949 ‘Manibus
334 901 363 950 et
384 891 480 962 cineri,
506 890 530 949 si
552 911 610 966 qua
631 901 675 950 est
700 911 736 949 ea
756 910 832 963 cura,
857 891 979 950 remitto·

148 971 242 1027 ‘Hoc
266 979 364 1028 tamen
386 970 485 1028 infelix
508 969 642 1028 miseram
665 972 796 1029 solabere
818 981 959 1029 mortem:

150 1050 289 1107 ‘Aeneae
311 1047 409 1123 magni
432 1050 534 1107 dextra
557 1049 654 1106 cadis)
696 1051 832 1123 Increpat
853 1051 930 1107 ultro
1072 1052 1129 1123 830

150 1127 331 1186 Cunctantes
353 1127 458 1200 socios,
483 1137 512 1186 et
533 1138 608 1185 terra
632 1128 763 1185 sublevat
784 1128 887 1202 ipsum,

149 1204 296 1280 Sanguine
319 1216 484 1280 turpantem
507 1218 641 1281 comptos
665 1207 703 1265 de
726 1225 807 1264 more
831 1206 959 1281 capillos.

192 1286 308 1342 Interea
329 1284 442 1359 genitor
462 1284 593 1343 Tiberini
616 1285 655 1343 ad
676 1283 801 1342 fluminis
824 1286 932 1342 undam

154 1364 279 1422 Volnera
300 1361 428 1423 siccabat
449 1363 583 1438 lymphis,
605 1382 769 1438 corpusque
792 1365 907 1422 levabat

150 1440 270 1500 Arboris
293 1441 416 1500 adclinis
437 1453 546 1501 trunco.
590 1442 695 1500 Procul
718 1461 802 1500 aerea
823 1442 908 1500 ramis
1073 1445 1127 1517 835

152 1520 310 1595 Dependet
331 1521 422 1595 galea,
445 1531 475 1580 et
495 1532 579 1596 prato
602 1521 699 1596 gravia
721 1540 801 1578 arma
822 1520 980 1596 quiescunt.

150 1599 235 1656 Stant
256 1598 325 1657 lecti
347 1599 454 1657 circum
477 1598 614 1658 iuvenes:
642 1600 703 1675 ipse
727 1619 819 1675 aeger,
843 1600 992 1670 anhelans,

152 1679 238 1737 Colla
258 1679 345 1749 fovet,
369 1679 450 1736 fusus
471 1697 629 1753 propexam
652 1679 683 1737 in
707 1690 824 1754 pectore
848 1681 985 1752 barbam3

151 1756 248 1814 Multa
269 1775 355 1831 super
379 1759 476 1815 Lauso
498 1757 610 1832 rogitat,
635 1760 817 1832 multumque
838 1757 965 1828 remittit,

152 1833 212 1907 Qui
233 1846 378 1906 revocent,
402 1835 562 1910 maestique
583 1839 675 1895 ferant
697 1838 835 1895 mandata
856 1837 989 1910 parentis.
1072 1839 1129 1908 840

150 1915 192 1971 At
213 1915 341 1972 Lausum
363 1913 434 1972 socii
457 1914 619 1973 exanimem
644 1933 730 1990 super
753 1933 832 1972 arma
855 1916 985 1972 ferebant
1090 1947 1093 1954 ,

151 1993 277 2063 Flentes,
302 1993 458 2068 ingentem,
481 2003 568 2067 atque
592 1993 703 2069 ingenti
725 1995 843 2051 volnere
864 1992 980 2051 victum.

149 2069 301 2145 Adgnovit
321 2073 408 2145 longe
429 2071 569 2145 gemitum
590 2091 729 2148 praesaga
750 2071 819 2130 mali
840 2089 931 2131 mens.

150 2149 298 2208 Canitiem
319 2151 410 2208 multo
433 2151 574 2209 deformat
596 2153 721 2226 pulvere,
744 2162 773 2209 et
794 2152 894 2210 ambas

149 2228 199 2286 Ad
221 2229 334 2286 caelum
356 2228 449 2288 tendit
471 2231 591 2303 palmas,
617 2241 646 2288 et
669 2249 790 2305 corpore
813 2230 950 2288 inhaeret.
1072 2233 1127 2306 845

152 2308 305 2364 ‘Tantane
330 2325 376 2365 me
398 2309 490 2366 tenuit
511 2307 636 2380 vivendi,
661 2321 737 2376 nate,
760 2310 901 2383 voluptas,

151 2387 216 2443 ‘Ut
239 2403 292 2459 pro
314 2405 362 2444 me
383 2385 481 2444 hostili
501 2398 615 2462 paterer
636 2389 791 2447 succedere
815 2388 941 2460 dextrae,

150 2465 268 2536 ‘Quem
289 2464 397 2538 genui?
437 2467 540 2523 Tuane
561 2467 635 2524 haec
655 2467 769 2542 genitor
788 2486 841 2543 per
860 2470 979 2527 volnera
1000 2486 1105 2540 servor,

151 2543 269 2599 ‘Morte
291 2553 340 2600 tua
361 2542 484 2602 vivens?
524 2546 602 2616 Heu,
625 2565 704 2604 nunc
726 2545 832 2605 misero
854 2546 924 2604 rnihi
946 2548 1062 2606 demum

52 2684 55 2689 ,
151 2618 312 2678 ‘Exsilium
333 2620 450 2681 infelix!
477 2641 556 2681 nunc
579 2626 636 2682 alte
657 2627 761 2683 volnus
784 2626 937 2684 adactuml
1072 2627 1128 2698 850

150 2699 255 2756 ‘Idem
280 2717 344 2774 ego,
368 2710 445 2770 nate,
469 2710 549 2758 tuum
574 2702 716 2760 maculavi
738 2702 856 2760 crimine
879 2723 998 2774 nomen,

151 2777 273 2836 ‘Pulsus
296 2780 335 2836 ob
358 2778 498 2837 invidiam
520 2780 594 2838 solio
618 2781 794 2856 sceptrisque
818 2782 952 2856 paternis.

150 2856 337 2914 ‘Debueram
361 2857 470 2932 patriae
495 2875 606 2933 poenas
627 2858 760 2934 odiisque
781 2877 929 2918 meorum:

150 2935 281 2993 ‘Omnes
303 2954 355 3011 per
376 2948 483 2996 mortes
506 2937 634 2995 animam
655 2949 770 2996 sontem
791 2938 853 3013 ipse
875 2938 1037 2997 dedissem!

151 3014 259 3071 ‘Nunc
271 3014 347 3086 vivo,
362 3033 458 3090 neque
472 3017 568 3074 adhuc
584 3017 717 3075 homines
735 3018 886 3091 lucemque
900 3017 1050 3092 relinquo!
1071 3021 1107 3094 85
1111 3029 1138 3095 5·

151 3092 228 3150 ‘Sed
248 3091 396 3167 linquam'
435 3094 526 3152 Simul
547 3095 605 3153 hoe
626 3095 727 3154 dicens
748 3095 854 3155 attollit
875 3095 905 3154 in
926 3115 1042 3172 aegrum

149 3171 187 3229 Se
211 3171 312 3245 femur,
334 3182 371 3244 et,
395 3189 571 3247 quamquam
595 3173 638 3232 vis
659 3176 719 3233 alto
742 3176 861 3234 volnere
882 3177 984 3247 tardat,

151 3249 242 3308 Haud
266 3249 405 3323 delectra,
427 3268 535 3325 equum
557 3251 624 3310 duci
647 3252 735 3312 iubet
778 3255 847 3312 Hoc
869 3255 959 3313 decus
979 3252 1029 3327 illi,

152 3326 223 3388 Hoc
245 3329 376 3388 solamen
400 3341 478 3402 erat,
504 3328 588 3387 bellis
611 3329 669 3391 hoc
691 3331 784 3391 victor
803 3331 903 3390 abibat
