2460 3686
150 52 208 107 214
397 33 432 90 P.
468 29 658 88 VERGILI
681 27 894 85 MARONIS

151 157 261 220 Iunoni
281 157 406 236 Argivae
427 158 520 218 iussos
541 159 695 218 adolemus
716 157 852 216 honores.

152 240 244 300 Haud
265 258 356 312 mora,
379 239 522 298 continuo
536 238 673 316 perfectis
694 236 798 297 ordine
818 233 895 296 votis

152 323 271 382 Cornua
290 321 452 380 velatarum
475 319 655 380 obvertimus
675 331 881 378 antemnarum

149 400 409 477 Graiugenumque
428 401 536 460 domos
557 411 753 476 suspectaque
773 396 934 474 linquimus
955 417 1038 458 arva
1102 417 1154 476 55ο

152 482 234 540 Hinc
255 480 334 540 sinus
357 480 506 552 Herculei,
529 481 553 539 si
573 499 642 540 vera
662 490 706 539 est
727 480 813 550 sama,
836 478 961 537 Tarenti

152 560 287 621 Cernitur
298 581 307 634 ;
326 561 434 621 attollit
455 581 486 620 se
508 561 577 621 diva
598 559 719 619 Lacinia
738 569 841 619 contra

151 641 351 718 Caulonisque
372 661 453 700 arces
474 652 504 702 et
525 641 706 718 navifragum
726 641 907 716 Scylaceum.

150 725 230 781 Turn
251 724 354 799 procul
375 741 391 780 e
412 723 503 780 fluctu
523 721 676 780 Trinacria
696 720 825 779 cernitur
844 723 952 792 Aetna,

152 805 191 862 Et
210 802 353 878 gemitum
374 801 524 879 ingentem
546 801 642 878 pelagi
662 803 838 877 pulsataque
859 819 930 858 saxa
1100 817 1151 876 555

150 883 297 942 Audimus
317 885 406 958 longe
426 884 592 958 fractasque
612 884 651 941 ad
671 881 758 940 litora
778 899 876 952 voces

151 965 351 1039 Exultantque
372 964 447 1022 vada
467 973 557 1038 atque
578 973 662 1022 aestu
683 962 843 1021 miscentur
863 961 1004 1020 harenae.

151 1045 189 1102 Et
210 1055 293 1119 pater
312 1043 459 1102 Anchises
481 1043 646 1102 ‘Nimirum
668 1043 742 1102 haec
762 1041 812 1100 illa
834 1041 1003 1116 Charybdis
1013 1060 1024 1113 3

152 1126 237 1184 ‘Hos
259 1125 395 1184 Helenus
416 1126 564 1200 scopulos,
586 1125 660 1182 haec
681 1142 750 1181 saxa
770 1123 917 1182 horrenda
937 1123 1077 1181 canebat

152 1203 289 1279 ‘Eripite
311 1224 331 1263 o
352 1204 432 1279 socii,
455 1204 622 1280 pariterque
642 1203 782 1280 insurgite
802 1201 906 1261 remis!
1097 1205 1150 1278 560
1199 1215 1200 1282 l

151 1286 245 1344 Haud
265 1283 363 1343 minus
384 1304 420 1343 ac
441 1285 511 1343 iussi
531 1285 650 1358 faciunt,
673 1285 842 1361 primusque
862 1282 1021 1341 rudentem

151 1364 302 1426 Contorsit
323 1367 420 1424 laevas
441 1384 558 1441 proram
581 1365 736 1424 Palinurus
757 1367 796 1423 ad
817 1364 930 1422 undas:

150 1448 281 1505 Laevam
301 1456 409 1504 cuncta
429 1447 535 1506 cohors
556 1445 643 1506 remis
662 1445 817 1521 ventisque
837 1441 949 1520 petivit

150 1524 296 1585 Tollimur
315 1525 347 1584 in
368 1528 483 1585 caelum
503 1538 624 1586 curvato
645 1525 765 1602 gurgite,
788 1534 817 1584 et
837 1524 918 1583 idem

151 1607 302 1667 Subducta
323 1607 360 1666 ad
382 1627 485 1666 manes
505 1606 581 1666 imos
603 1606 772 1666 desedimus
792 1606 881 1664 unda.

149 1688 211 1747 Ter
230 1687 345 1764 scopuli
365 1688 525 1747 clamorem
546 1687 622 1747 inter
642 1707 714 1746 cava
735 1705 804 1745 saxa
825 1686 942 1758 dedere,

150 1770 210 1826 Ter
230 1786 365 1845 spumam
386 1768 488 1826 elisam
509 1778 538 1827 et
557 1767 686 1828 rorantia
705 1767 832 1826 vidimus
852 1776 937 1824 astra.

152 1850 269 1907 Interea
289 1850 382 1907 fessos
402 1859 508 1907 ventus
529 1868 597 1907 cunr
618 1851 680 1907 sole
702 1847 826 1924 reliquit,

152 1927 309 2003 Ignarique
330 1929 395 1988 viae
417 1930 584 2005 Cyclopum
605 1928 771 1988 adlabimur
795 1927 861 1987 oris.

190 2010 294 2068 Portus
315 2011 353 2068 ab
373 2028 493 2068 accessu
515 2021 668 2069 ventorum
689 2009 832 2068 immotus
851 2017 882 2066 et
901 2005 1007 2084 ingens
1091 2024 1145 2084 570

151 2091 220 2164 Ipse
230 2110 239 2162 3
260 2090 313 2148 sed
333 2089 474 2149 horrificis
495 2089 576 2148 iuxta
597 2100 680 2148 tonat
700 2095 799 2148 Aetna
819 2087 919 2159 rainu,

151 2171 363 2245 Interdumque
383 2181 474 2229 atram
495 2170 658 2246 prorumpit
679 2170 717 2228 ad
738 2170 855 2228 aethera
875 2170 988 2226 nubem

150 2249 282 2308 Turbine
302 2250 464 2310 fumantem
485 2250 572 2326 piceo
593 2261 622 2309 et
643 2251 789 2308 candente
809 2249 907 2307 favilla

150 2329 327 2406 Attollitque
346 2333 452 2408 globos
474 2332 657 2390 flammarum
679 2342 710 2389 et
730 2330 826 2390 sidera
845 2327 963 2404 lambit3

151 2412 305 2469 Interdum
326 2414 463 2488 scopulos
484 2413 642 2487 avolsaque
663 2411 775 2470 viscera
794 2408 903 2469 montis
1089 2426 1143 2486 575

152 2490 244 2566 Erigit
264 2504 400 2551 eructans
421 2492 638 2568 liquefactaque
660 2511 730 2551 saxa
750 2493 805 2550 sub
825 2509 910 2548 auras

150 2572 228 2632 Cum
248 2571 359 2648 gemitu
379 2574 522 2648 glomerat
543 2574 695 2648 fundoque
716 2580 867 2630 exaestuat
887 2566 957 2629 imo.

151 2653 243 2711 Fama
264 2662 308 2711 est
329 2652 473 2712 Enceladi
493 2651 666 2712 semiustum
686 2653 809 2711 fulmine
829 2669 935 2726 corpus

150 2731 257 2810 Urgen’
277 2735 356 2792 mole
376 2734 439 2804 hac,
461 2733 673 2810 ingentemque
692 2732 812 2808 insuper
831 2736 960 2790 Aetnam

151 2812 326 2890 Impositam
347 2813 439 2891 ruptis
460 2815 608 2872 flammam
631 2812 762 2889 expirare
783 2811 913 2880 caminis,
1089 2814 1143 2888 580

150 2896 189 2952 Et
209 2895 318 2952 fessum
340 2894 476 2969 quotiens
497 2904 592 2952 mutet
612 2895 697 2965 latus,
718 2892 874 2952 intremere
895 2909 1016 2951 omnem

151 2976 302 3032 Murmure
321 2973 501 3030 Trinacriam
523 2983 552 3031 et
572 2975 686 3032 caelum
708 2974 861 3032 subtexere
881 2974 970 3030 fumo.

150 3053 279 3108 Noctem
300 3051 380 3107 illam
401 3051 471 3107 tecti
492 3051 570 3109 silvis
591 3051 731 3110 immania
751 3062 884 3113 monstra

150 3127 332 3195 Perferimus,
354 3145 410 3183 nec
431 3146 507 3201 quae
528 3129 657 3187 sonitum
679 3132 730 3189 det
751 3150 840 3189 causa
859 3130 1003 3191 videmus

150 3207 229 3290 Nam
250 3221 347 3276 neque
368 3215 450 3261 erant
470 3215 613 3263 astrorum
634 3209 716 3282 ignes
737 3229 793 3267 nec
814 3209 928 3270 lucidus
949 3213 1053 3271 aethra
1089 3215 1139 3288 585

150 3281 269 3340 Siderea
290 3282 385 3356 polae,
407 3283 533 3339 obscuro
555 3286 607 3342 sed
628 3286 730 3344 nubila
751 3290 843 3362 caelo,
