2442 3686
333 138 574 199 AENEIDOS
598 143 683 200 ΠΒ.
714 145 770 201 XL
996 153 1053 228 387

72 269 210 328 Tollitur
229 267 258 324 in
279 269 392 326 caelum
412 268 538 340 clamor3
564 269 720 344 cunctique
741 270 837 330 Latini
999 288 1053 346 745

75 350 264 434 Convertere
284 348 395 404 oculos.
436 346 551 404 Volat
544 366 644 421 igneus
665 367 792 422 aequore
811 351 955 419 Tarchon,

79 429 176 485 Arma
196 423 346 498 virumque
365 425 479 495 serens3
503 435 565 482 tum
586 443 698 484 summa
718 427 808 504 ipsius
827 430 867 487 ab
886 429 969 487 hasta

79 501 231 577 Delringit
252 504 365 572 serrum,
388 513 416 560 et
436 513 531 576 partes
551 502 670 562 rimatur
688 517 809 579 apertas,

79 585 155 656 Qua
175 582 278 638 volnus
298 547 384 638 letaie
404 583 492 638 ferat:
520 591 621 639 contra
640 582 689 640 ille
709 602 872 673 repugnans

78 659 215 720 Sustinet
235 678 254 716 a
273 659 370 733 iugulo
391 660 529 731 dextram,
552 671 580 718 et
601 659 659 717 vim
680 661 786 719 viribus
806 663 872 720 exit
1001 680 1057 738 750

79 740 190 813 thue
210 739 312 795 volans
331 738 389 794 alte
410 748 524 811 raptum
545 757 634 811 quum
655 739 733 796 fulva
752 740 908 798 draconem

81 821 158 876 Fert
177 815 282 890 aquila,
303 814 492 889 inplicuitque
512 817 610 890 pedes,
631 828 719 890 atque
740 818 885 892 unguibus
907 819 1017 878 haesit:

82 894 210 954 Saucius
230 904 260 952 at
280 911 398 968 serpens
418 893 535 951 sinuosa
554 895 702 952 volumina
724 907 826 967 versat,

82 974 274 1060 Arrectisque
295 973 391 1029 homer
412 972 548 1045 squamis,
571 983 600 1030 et
620 973 716 1031 sibilat
736 992 786 1032 ore

83 1051 235 1111 Arduus
228 1068 395 1124 insurgens:
422 1049 472 1107 illa
491 1051 570 1108 haud
590 1051 685 1108 minus
706 1063 787 1126 urget
807 1054 925 1111 obunco
1003 1070 1057 1128 755

85 1135 265 1189 Luctantem
285 1139 377 1186 rostro
386 1147 395 1198 3
422 1127 507 1186 simul
527 1130 644 1186 aethera
663 1131 794 1188 verberat
814 1131 884 1190 alis:
1122 1125 1124 1132 ’

88 1209 185 1267 Haud
204 1207 286 1264 aliter
305 1207 442 1280 praedam
463 1205 616 1264 Tiburtum
637 1225 673 1264 ex
692 1208 807 1282 agmine
827 1211 962 1267 Tarchon

88 1291 192 1346 Portat
212 1303 309 1343 ovans.
353 1284 444 1342 Ducis
468 1287 633 1360 exemplum
654 1298 847 1361 eventumque
868 1288 959 1346 secuti

43 1403 49 1408 -
90 1364 271 1424 Maeonidae
292 1363 447 1421 incurrunt.
491 1365 567 1420 Tum
588 1364 653 1420 fatis
673 1365 789 1422 debitus
809 1368 918 1424 Arruns

88 1446 234 1502 Velocem
253 1441 348 1498 iaculo
369 1451 398 1498 et
418 1442 509 1498 multa
529 1442 606 1516 prior
625 1454 685 1500 arte
707 1443 859 1501 Camillam
1004 1447 1061 1515 760

91 1521 212 1591 Circuit,
235 1531 272 1591 et,
293 1538 370 1593 quae
391 1519 427 1576 sit
446 1521 561 1576 fortuna
580 1519 724 1592 facillima,
746 1532 846 1579 tentat.

92 1603 163 1674 Qua
182 1618 212 1657 se
233 1616 358 1671 cumque
378 1599 474 1655 furens
495 1597 593 1656 medio
614 1600 678 1656 tulit
698 1600 813 1674 agmine
833 1600 920 1676 virg0,

92 1682 163 1736 Hac
183 1680 292 1734 Arruns
313 1674 397 1744 subit,
420 1687 448 1733 et
469 1675 572 1733 tacitus
592 1677 711 1750 vestigia
730 1679 847 1737 lustrat:

93 1759 162 1830 Qua
182 1755 283 1812 victrix
304 1754 379 1811 redit
398 1753 455 1824 illa,
476 1755 641 1828 pedemque
662 1773 698 1812 ex
718 1756 801 1813 hoste
820 1767 954 1832 reportat,

93 1833 191 1893 Hac'
184 1833 296 1891 ruvenis
315 1832 412 1890 furtim
433 1833 541 1890 celeres
562 1833 716 1906 detorquet
736 1835 872 1892 habenas.
1007 1838 1061 1908 765

94 1916 164 1972 Hos
183 1911 287 1979 aditus,
308 1909 423 1984 iamque
443 1911 497 1967 hos
517 1910 620 1980 aditus,
641 1929 816 1985 omnemque
835 1921 960 1985 pererrat
1020 1938 1022 1942 ¹

94 1991 237 2064 Undique
257 1988 408 2046 circuitum
419 2007 427 2058 3
454 1998 483 2044 et
504 1999 612 2045 certam
633 1988 725 2062 quatit
745 1989 884 2062 inprobus
904 1990 1026 2046 hastam.

93 2072 184 2129 Forte
204 2087 285 2126 sacer
305 2067 433 2142 Cybelae
454 2067 605 2133 Chloreus,
626 2066 754 2140 olimque
775 2068 916 2140 sacerdos,

94 2147 223 2222 Insignis
243 2147 330 2218 longe
351 2143 479 2218 Phrygiis
499 2144 655 2218 fulgebat'
648 2163 678 2201 111
698 2145 793 2214 armis,

93 2230 345 2301 Spumantemque
364 2223 491 2297 agitabat
511 2240 637 2296 equum:
664 2241 751 2297 quem
771 2221 854 2297 pellis
874 2221 954 2282 aenis
1009 2239 1065 2296 771

96 2308 136 2363 In
155 2305 286 2379 plumam
306 2299 433 2376 squamis
453 2318 523 2358 auro
543 2312 676 2359 conserta
696 2303 818 2374 tegebat

97 2385 175 2456 Ipse,
197 2379 345 2455 peregrina
364 2378 506 2452 ferrugine
525 2379 617 2436 clarus
638 2389 666 2436 et
686 2391 774 2450 ostro,

95 2460 215 2535 Spicula
235 2459 387 2532 torquebat
407 2455 498 2530 Lycio
519 2456 659 2531 Gortynia
678 2475 786 2529 comu3

97 2541 212 2596 Aureus
233 2555 269 2594 ex
288 2533 415 2592 humeris
434 2544 494 2592 erat
514 2553 605 2604 arcus,
628 2545 657 2592 et
676 2554 763 2593 aurea
782 2534 840 2593 vati
1009 2550 1066 2605 774

99 2614 240 2686 Cassida3
267 2624 328 2672 tum
348 2630 482 2670 croceam
502 2611 784 2686 chlamydemque
762 2631 897 2686 sinusque
917 2623 1068 2684 crepantes

99 2659 263 2754 Carbaseds
282 2689 389 2750 fulvo
382 2709 412 2748 1n
432 2690 542 2748 nodum
562 2691 717 2763 collegerat
737 2709 814 2759 auro,

100 2771 200 2832 Pictus
219 2788 275 2828 acu
295 2769 415 2837 tunicas,
438 2779 466 2826 et
487 2768 608 2825 barbara
627 2766 755 2841 tegmina
775 2785 895 2823 crurum.

101 2853 194 2909 Hunc
213 2847 301 2922 virgo,
323 2847 383 2904 sive
403 2855 436 2903 ut
455 2847 569 2920 templis
589 2847 757 2920 praefigeret
777 2863 856 2900 arma

100 2932 197 2997 Troia,
219 2925 334 3000 captivo
354 2923 413 2982 sive
433 2933 466 2980 ut
486 2941 517 2981 se
537 2924 622 2981 ferret
642 2922 672 2979 in
692 2941 770 2992 auro,

100 3003 241 3064 Venatrix
260 3021 351 3060 unum
373 3020 408 3059 ex
428 3000 509 3059 omni
528 3000 684 3059 certamine
703 3017 818 3075 pugnae
1014 3001 1071 3072 781

101 3087 200 3144 Caeca
220 3081 394 3156 sequebatur
404 3100 412 3150 3
439 3089 592 3152 totumque
612 3079 728 3136 incauta
746 3096 798 3152 per
817 3095 921 3150 agmen

102 3161 243 3221 Femineo
263 3158 389 3233 praedae
410 3167 438 3214 et
458 3156 616 3230 spoliorum
636 3157 755 3214 ardebat
775 3173 890 3212 amore:

103 3240 207 3297 Telum
228 3255 264 3295 ex
283 3234 394 3292 insidiis
415 3252 504 3307 quum
525 3236 642 3291 tandem
663 3245 793 3307 tempore
813 3243 900 3306 capto

104 3315 248 3384 Concitat,
269 3322 299 3372 et
319 3330 437 3386 superos
457 3313 566 3368 Arruns
587 3309 629 3368 sic
647 3329 719 3368 voce
739 3321 896 3384 precatur:

890 3417 986 3476 25—2
