2494 3702
404 93 680 155 croacrcocr
694 97 778 155 cru.
800 97 858 156 rr.
1070 121 1123 182 157

127 240 207 300 ‘Illa
230 237 350 317 quidem
373 241 472 317 Stygia
496 242 587 300 nabat
608 242 669 301 iam
690 242 795 318 frigida
816 245 932 304 cumba.

131 323 273 397 ‘Septem
295 319 379 379 illum
401 330 481 380 totos
501 322 659 397 perhibent
681 341 717 381 ex
739 322 843 383 ordine
865 343 982 386 menses

128 403 239 477 ‘Rupe
261 402 316 461 sub
338 399 417 459 adria
438 401 548 460 deserti
569 403 608 462 ad
631 402 792 477 Strymonis
814 405 926 463 undam

129 479 282 541 ‘Flevisse
303 490 332 540 et
352 480 458 556 gelidis
478 483 554 541 haec
574 481 717 542 evolvisse
738 483 793 542 sub
814 483 903 543 antris

129 562 337 620 ‘Mulcentem
358 561 438 638 tigris
459 572 490 620 et
510 573 647 638 agentem
669 562 797 623 carmine
818 582 961 639 quercus;
1067 580 1125 640 510

129 641 254 716 ‘Qualis
276 642 406 717 populea
427 661 559 700 maerens
582 641 745 719 philomela
767 644 822 702 sub
844 644 950 703 umbra

127 721 284 780 ‘Amissos
304 724 434 797 queritur
453 723 540 792 fetus,
561 741 636 799 quos
658 724 748 782 durus
768 734 865 783 arator

128 803 321 863 ‘Observans
343 802 415 861 nido
436 801 593 878 implumes
617 802 758 877 detraxit3
789 813 819 862 at
841 803 891 862 illa

126 883 215 941 ‘Flet
237 892 357 941 noctem
378 901 520 958 ramoque
541 883 648 942 sedens
668 882 832 942 miserabile
853 901 972 943 carmen

126 965 282 1038 ‘Integrat
304 973 333 1021 et
353 962 474 1022 maestis
494 964 553 1022 late
575 964 642 1022 loca
663 963 815 1038 questibus
837 963 948 1039 implet.
1066 981 1120 1040 515

128 1044 241 1101 ‘Nulla
262 1044 374 1112 Venus
395 1062 458 1102 non
477 1042 530 1101 ulli
550 1042 681 1102 animum
702 1045 808 1102 flexere
828 1043 993 1120 hymenaei.

128 1124 235 1183 ‘Solus
259 1123 467 1198 Hyperboreas
489 1123 597 1200 glacies
619 1123 805 1198 Tanaimque
826 1123 955 1184 nivalem

127 1205 287 1278 ‘Arvaque
312 1201 454 1278 Rhipaeis
476 1222 639 1278 numquam
660 1203 781 1263 viduata
802 1203 914 1279 pruinis

128 1283 308 1342 ‘Lustrabat
328 1294 441 1358 raptam
464 1282 631 1359 Eurydicen
652 1294 741 1359 atque
763 1283 849 1342 inrita
871 1282 949 1343 Ditis

129 1365 241 1422 ‘Dona
255 1381 399 1438 querens3
423 1374 538 1438 spretae
553 1363 699 1423 Ciconum
713 1382 774 1438 quo
788 1382 909 1423 munere
923 1374 1030 1422 matres
1064 1380 1122 1439 5²0

130 1445 233 1502 ‘lnter
255 1462 336 1501 sacra
358 1445 448 1502 deum
470 1441 666 1519 nocturnique
687 1442 768 1518 orgia
790 1443 898 1502 Bacchi

130 1523 339 1598 ‘Discerptum
359 1525 436 1582 latos
458 1523 595 1582 iuvenem
618 1541 748 1600 sparsere
769 1542 823 1599 per
843 1542 936 1600 agros.

130 1606 228 1662 ‘Turn
249 1621 368 1679 quoque
388 1622 552 1662 marmorea
572 1613 660 1679 caput
680 1624 698 1662 a
719 1603 831 1662 cervice
851 1605 998 1664 revolsum

130 1681 272 1758 ‘Gurgite
293 1702 361 1741 cum
380 1684 481 1742 medio
502 1694 622 1759 portans
645 1682 787 1759 Oeagrius
811 1685 932 1743 Hebrus

130 1764 298 1836 ‘Volveret‚
319 1765 483 1838 Eurydicen
503 1782 562 1823 vox
580 1763 647 1839 ipsa
666 1773 695 1822 et
716 1763 820 1840 frigida
840 1762 940 1840 lingua
1061 1781 1098 1838 52
1104 1780 1119 1838 5

130 1844 177 1902 ‘A
200 1845 334 1901 miseram
354 1845 539 1919 Eurydicen!
562 1843 662 1902 anima
683 1843 812 1920 fugiente
832 1845 968 1915 vocabat,

129 1925 311 1998 ‘Eurydicen
331 1934 395 1983 toto
416 1923 581 1984 referebant
603 1922 724 1982 flumine
745 1923 844 1999 ripae.’

129 2006 220 2062 Haec
243 2005 373 2076 Proteus,
398 2014 428 2063 et
449 2022 481 2062 se
504 2003 583 2062 iactu
606 2003 688 2063 dedit
709 2022 821 2079 aequor
843 2002 873 2060 in
896 2004 988 2060 altum

129 2085 260 2159 Quaque
282 2083 373 2154 dedit,
396 2094 583 2159 spumantem
606 2085 717 2142 undam
740 2085 796 2141 sub
819 2080 926 2141 vertice
947 2080 1038 2140 torsit.

171 2166 213 2222 At
233 2181 294 2222 non
316 2165 449 2240 Cyrene3
472 2182 601 2238 namque
622 2165 700 2221 ultro
723 2163 822 2221 adfata
843 2161 1012 2222 timentem:
1062 2178 1120 2237 530

131 2245 238 2315 ‘Nate
261 2243 332 2302 licet
352 2243 446 2302 tristes
469 2242 569 2302 animo
592 2243 741 2318 deponere
763 2260 854 2300 curas.

132 2325 238 2382 ‘Haec
259 2321 355 2382 omnis
377 2322 473 2382 morbi
495 2341 592 2394 causa,
615 2322 684 2381 hinc
709 2320 873 2381 miserabile
896 2321 1061 2398 Nymphae,

131 2405 229 2464 ‘Cum
251 2402 356 2477 quibus
379 2403 429 2462 illa
450 2405 557 2462 choros
578 2402 651 2461 lucis
673 2401 802 2478 agitabat
825 2402 856 2460 in
878 2402 953 2475 altis,

133 2482 282 2542 ‘Exitium
302 2482 409 2542 misere
431 2483 545 2558 apibus.
589 2483 637 2540 Tu
659 2502 781 2542 munera
802 2483 927 2559 supplex

132 2563 257 2622 ‘Tende
277 2573 382 2640 petens
404 2581 509 2639 pacem
531 2573 560 2622 et
581 2562 680 2621 faciles
702 2581 840 2623 venerare
863 2565 1020 2639 Napaeas;
1062 2576 1118 2635 535

133 2645 290 2718 ‘Namque
313 2644 425 2702 dabunt
446 2643 563 2702 veniam
585 2642 661 2702 votis
681 2641 797 2719 irasque
817 2641 975 2702 remittent.

133 2729 141 2757 ‘
231 2723 337 2781 modus
359 2722 464 2783 orandi
485 2722 536 2798 qui
558 2723 603 2793 sit,
625 2722 705 2799 prius
728 2723 830 2782 ordine
852 2722 958 2781 dicam.

109 2724 299 2886 &induor
320 2801 441 2862 eximios
461 2801 622 2878 praestanti
643 2820 766 2878 corpore
786 2812 894 2874 tauros,

132 2883 212 2956 ‘Qui
234 2881 288 2942 tibi
309 2901 389 2941 nunc
409 2881 510 2942 viridis
532 2883 696 2958 depascunt
718 2899 833 2940 summa
854 2879 971 2957 Lycaei,

134 2962 266 3040 ‘Delige‚
290 2972 320 3022 et
340 2961 451 3021 intacta
473 2961 597 3022 totidem
617 2960 732 3022 cervice
752 2961 900 3021 iuvencas.
1063 2977 1120 3036 540

133 3043 299 3116 ‘Quattuor
320 3041 365 3101 his
388 3062 452 3102 aras
474 3043 533 3102 alta
554 3041 592 3101 ad
614 3041 736 3101 delubra
757 3041 880 3100 dearum

134 3122 316 3196 ‘Constitue
340 3133 370 3182 et
391 3141 505 3182 sacrum
527 3120 632 3197 iugulis
654 3121 777 3181 demitte
798 3140 931 3181 cruorem

134 3203 343 3279 ‘Corporaque
365 3202 431 3278 ipsa
451 3204 543 3261 boum
565 3202 706 3261 frondoso
728 3202 831 3261 desere
852 3203 928 3260 luco.

136 3285 233 3353 ‘Post
257 3282 308 3341 ubi
330 3301 410 3341 nona
432 3301 500 3340 suos
521 3284 636 3341 Aurora
655 3280 816 3340 ostenderit
836 3291 925 3353 ortus,

134 3361 277 3421 ‘Inferias
297 3360 411 3436 Orphei
433 3362 564 3419 Lethaea
585 3376 733 3433 papavera
753 3358 849 3416 mittes
1065 3369 1120 3427 545
