2460 3686
166 97 223 156 230
416 77 452 135 r.
489 74 680 136 Varorrr
700 71 912 132 Marcius

166 229 246 288 ‘Nec
265 226 355 306 patris
375 227 522 288 Anchisae
543 225 671 287 cinerem
691 244 830 286 manesve
849 222 958 296 revelli,

166 309 241 369 ‘Cur
261 327 329 368 mea
348 307 428 368 dicta
448 318 536 382 neget
555 307 642 366 duras
663 304 845 366 demittere
837 325 868 364 m
889 323 985 364 aures

167 389 249 462 ‘Quo
270 387 344 447 ruit?
367 399 531 447 extremum
551 388 610 447 hoc
631 385 755 446 miserae
775 386 826 446 det
846 404 954 444 munus
976 381 1115 443 amanti:

167 471 337 545 ‘Exspectet
356 467 532 558 facilemque
550 468 649 542 fugam
670 477 834 543 ventosque
854 467 992 524 ferentes.
1110 481 1164 536 430

167 547 279 608 ‘Non
271 568 331 607 ram
351 548 519 624 coniugium
540 546 703 624 antiquum,
725 547 808 621 quod
827 544 966 622 prodidit,
990 563 1058 618 oro,

167 630 209 687 ‘N
211 649 245 688 ec
266 629 389 705 pulchro
410 639 443 687 ut
464 626 550 687 Latio
571 638 668 686 careat
689 644 871 702 regnumque
891 624 1059 699 relinquat:

164 707 340 785 ‘'Tempus
332 727 419 767 urane
440 719 519 784 peto,
541 706 672 783 requiem
693 706 877 783 spatiumque
898 703 1000 778 furori,

165 791 261 848 ‘Dum
281 808 347 848 mea
368 808 417 848 me
436 787 545 847 victam
565 789 672 847 doceat
692 789 809 846 fortuna
829 787 936 845 dolere.

166 871 348 928 ‘Extremam
368 869 447 928 hanc
467 887 519 928 oro
539 867 843 938 veniam-miserere
863 863 991 936 sororis3
1109 879 1162 938 435

165 950 277 1024 ‘Quam
299 947 371 1008 mihi
391 968 459 1007 cum
481 948 605 1019 dederis,
627 949 808 1038 cumulatam
829 957 922 1006 morte
942 943 1119 1004 remittam!

203 1029 327 1088 Talibus
348 1029 459 1099 orabat,
481 993 614 1104 talesque
635 1026 798 1088 miserrima
817 1027 902 1086 fietus

164 1111 292 1185 Fertque
312 1111 398 1169 refert
387 1119 457 1185 tque
477 1127 565 1170 soror.
608 1109 667 1168 Sed
687 1107 774 1166 nullis
794 1106 843 1166 ille
864 1116 1001 1165 movetur

165 1189 305 1260 Fletibus,
326 1199 377 1248 aut
397 1208 486 1249 voces
506 1189 580 1248 ullas
601 1186 758 1247 tractabilis
779 1186 876 1260 audit;

164 1271 239 1328 Fata
259 1271 386 1342 obstant,
408 1268 601 1346 placidasque
621 1267 674 1327 viri
694 1268 768 1327 deus
789 1265 913 1327 obstruit
933 1285 1029 1325 aures.
1106 1283 1161 1335 440

164 1353 209 1409 Ac
229 1351 310 1408 velut
330 1368 444 1409 annoso
465 1349 593 1408 validam
613 1367 681 1406 curn
702 1350 807 1408 robore
828 1362 970 1422 quercum

164 1427 266 1505 Alpini
287 1431 400 1490 Boreae
421 1448 501 1492 nunc
521 1428 591 1488 hinc
611 1447 691 1486 nunc
712 1428 829 1487 flatibus
850 1427 930 1504 illinc

166 1512 274 1569 Eruere
295 1509 371 1568 inter
391 1529 423 1569 se
444 1520 574 1582 certant3
600 1507 624 1568 it
644 1506 757 1578 stridor,
780 1518 810 1567 et
830 1509 888 1566 alte

165 1591 367 1650 Consternunt
387 1601 493 1650 terram
514 1607 659 1648 concusso
680 1587 779 1664 stipite
799 1588 932 1648 frondes.

166 1671 237 1746 Ipsa
256 1672 358 1729 haeret
377 1669 513 1747 scopulis,
536 1680 573 1741 et,
596 1679 738 1760 quantum
757 1667 865 1727 vertice
885 1668 924 1726 ad
944 1685 1031 1726 auras
1102 1679 1155 1738 445
1207 1689 1208 1748 t

164 1749 326 1821 Aetherias,
348 1761 464 1809 tantum
484 1749 610 1809 radice
602 1768 633 1808 m
646 1751 769 1809 Tartara
788 1747 901 1808 tendit:

165 1830 258 1889 Haud
279 1849 363 1890 secus
384 1829 515 1889 adsiduis
536 1829 605 1888 hinc
625 1840 715 1906 atque
735 1829 805 1888 hinc
823 1827 945 1888 vocibus
966 1829 1056 1886 heros

163 1910 321 1982 Tunditur,
343 1921 373 1970 et
394 1929 502 1986 magno
523 1909 665 1985 persentit
685 1919 805 1985 pectore
826 1926 923 1967 curas:

165 1991 254 2049 Mens
275 1990 399 2050 immota
418 2001 537 2061 manet;
563 1989 701 2048 lacrimae
721 1991 877 2048 volvuntur
896 1987 1009 2047 inanes.
1207 2051 1208 2066 1

204 2071 283 2129 Tum
303 2089 372 2130 vero
392 2069 492 2129 infelix
511 2068 577 2128 fatis
598 2068 733 2128 exterrita
753 2068 836 2128 Dido
1099 2080 1152 2136 450
1207 2067 1208 2078 ¹

166 2151 296 2210 Mortem
318 2160 394 2223 orat3
418 2151 518 2210 taedet
539 2149 613 2208 caeli
633 2169 765 2209 convexa
785 2146 866 2209 tueri.

164 2231 234 2303 Quo
254 2231 346 2306 magis
366 2229 517 2306 inceptum
538 2241 666 2306 peragat,
687 2230 843 2304 lucemque
863 2227 1018 2303 relinquat,

164 2310 254 2380 Vidit,
276 2309 437 2370 turicremis
459 2329 526 2368 cum
547 2310 627 2368 dona
647 2309 801 2386 inponeret
821 2308 886 2382 ariS,

165 2390 358 2450 Horrendum
379 2390 468 2464 dictu,
490 2388 591 2449 latices
612 2389 775 2465 nigrescere
795 2408 901 2460 sacros,

164 2471 300 2547 Fusaque
320 2470 351 2529 in
372 2471 533 2530 obscenum
554 2488 586 2530 se
606 2479 718 2530 vertere
737 2469 806 2528 vina
825 2487 965 2528 cruorem.
991 2503 993 2507 ν
1098 2479 1148 2539 455
1207 2493 1208 2544 3

165 2551 237 2609 Hoc
256 2550 351 2609 visum
372 2549 454 2622 nulli,
473 2569 536 2609 non
556 2549 612 2625 ipsi
633 2551 720 2609 effata
739 2547 837 2608 sorori.
1207 2553 1208 2576 l

164 2631 319 2690 Praeterea
339 2631 393 2689 fuit
413 2630 444 2688 in
465 2629 550 2690 tectis
570 2630 609 2689 de
630 2648 774 2688 marmore
794 2629 939 2703 templum

164 2709 308 2786 Coniugis
328 2709 451 2786 antiqui,
472 2709 546 2768 miro
566 2711 649 2785 quod
669 2711 781 2769 honore
801 2709 926 2780 colebat,

162 2791 327 2850 Velleribus
350 2789 442 2850 niveis
464 2800 493 2849 et
513 2791 588 2848 festa
607 2789 712 2848 fronde
732 2788 914 2848 revinctum:

166 2871 249 2929 Hinc
269 2870 399 2930 exaudiri
418 2889 508 2930 voces
528 2880 558 2928 et
578 2869 668 2928 verba
686 2867 820 2928 vocantis

163 2949 237 3008 Visa
255 2950 319 3023 viri,
333 2970 400 3012 ,nox
420 2969 489 3009 cum
510 2961 599 3010 terras
620 2950 746 3008 obscura
765 2957 896 3008 teneret:

162 3029 289 3105 Solaque
309 3029 487 3089 culminibus
506 3029 588 3088 ferali
608 3028 738 3088 carmine
758 3028 839 3087 bubo

163 3110 258 3184 Saepe
279 3108 369 3185 queri,
391 3121 421 3168 et
442 3110 544 3184 longas
565 3109 718 3168 infletum
740 3108 848 3166 ducere
868 3123 964 3165 voces.

164 3189 321 3263 Multaque
340 3198 491 3263 praeterea
511 3199 611 3246 varum
632 3187 784 3263 praedicta
803 3185 919 3261 piorum

163 3266 299 3325 Terribili
319 3265 435 3323 monitu
454 3265 631 3324 horrificant.
674 3265 772 3340 Agit*
764 3283 829 3339 1pse
849 3266 992 3322 furentem
1094 3267 1143 3337 465

166 3343 203 3402 ln
223 3343 334 3402 somnis
355 3345 432 3400 ferus
451 3344 589 3416 Aeneas,
616 3360 791 3418 semperque
811 3342 937 3418 relinqui
