2494 3702
149 80 203 137 106
403 85 439 144 P.
471 86 662 145 VERGILI
675 87 888 146 MARONJS

149 217 287 276 Curculio
308 226 396 292 atque
417 213 500 292 inopi
520 228 655 276 metuens
676 214 798 276 formica
819 229 962 278 senectae.

149 298 374 373 Contemplator
394 296 475 368 item,
498 316 565 355 cum
588 316 619 356 se
641 316 701 356 nux
722 297 849 372 plurima
870 298 949 358 silvis

150 378 259 437 Induet
280 379 310 435 in
332 378 433 437 florem
455 387 485 436 et
504 397 602 437 ramos
622 377 755 437 curvabit
775 380 908 438 olentes:

148 458 179 517 Si
200 470 340 534 superant
360 460 446 528 setus
468 457 576 533 pariter
597 459 743 517 frumenta
764 468 932 534 sequentur,

151 540 321 614 Magnaque
342 557 411 597 cum
431 557 541 614 magno
562 537 661 598 veniet
682 538 784 597 tritura
805 541 902 598 calore
911 561 920 612 3
1091 561 1155 616 190

149 623 190 678 At
210 620 235 678 si
255 617 366 678 luxuria
386 617 524 677 loliorum
546 619 684 678 exuberat
705 620 817 691 umbra,

150 699 339 775 Nequiquam
361 699 485 775 pingues
506 701 593 775 palea
614 709 688 758 teret
708 717 776 758 area
797 700 919 758 culmos.

149 779 270 839 Semina
289 778 350 838 vidi
371 778 510 854 equidem
531 781 641 839 multos
661 778 809 838 medicare
830 792 968 853 serentes,

150 863 189 918 Et
209 859 286 919 nitro
307 859 385 936 prius
406 869 436 917 et
457 859 538 934 nigra
559 861 735 935 perfundere
755 878 881 933 amurca,

150 941 297 1001 Grandior
316 950 349 999 ut
370 942 446 999 fetus
467 939 578 1015 siliquis
599 939 752 999 fallacibus
777 951 862 1012 esset,
1091 961 1150 1018 195

151 1023 198 1093 Et,
221 1019 354 1097 quamvis
374 1018 435 1096 igni
456 1021 568 1097 exiguo,
591 1030 747 1096 properata
767 1021 927 1080 maderent.

149 1101 220 1161 Vidi
241 1103 318 1160 lecta
339 1101 390 1159 diu
412 1112 442 1160 et
463 1102 557 1160 multo
579 1111 711 1177 spectata
731 1100 832 1159 labore

151 1184 338 1258 Degenerare
359 1192 467 1254 tamen,
490 1179 522 1240 ni
543 1179 585 1240 vis
606 1182 736 1240 humana
756 1181 914 1256 quotannis

151 1260 284 1322 Maxima
304 1281 439 1337 quaeque
460 1281 550 1320 manu
571 1263 686 1336 legeret.
729 1259 778 1321 Sic
799 1260 898 1320 omnia
917 1260 983 1320 satis

151 1344 188 1401 In
209 1341 294 1418 peius
314 1361 397 1400 ruere
418 1361 453 1400 ac
474 1352 550 1401 retro
571 1343 711 1417 sublapsa
730 1342 837 1414 referri,
1089 1362 1150 1400 200

152 1425 223 1483 Non
244 1422 327 1481 aliter
347 1441 437 1498 quam
459 1422 510 1497 qui
531 1423 654 1480 adverso
675 1421 723 1480 vix
744 1421 1014 1496 fluminelembum

152 1503 295 1578 Remigiis
316 1501 433 1578 subigit,
456 1501 479 1561 si
500 1502 639 1560 bracchia
659 1503 734 1562 forte
755 1502 875 1575 remisit,

151 1587 250 1660 Atque
270 1583 354 1641 illum
374 1602 518 1659 praeceps
538 1601 634 1658 prono
654 1583 729 1658 rapit
750 1584 849 1642 alveus
870 1581 958 1641 amni.

192 1667 346 1723 Praeterea
366 1674 427 1722 tam
449 1673 515 1722 sunt
537 1662 653 1721 Arcturi
677 1664 774 1723 sidera
794 1663 880 1722 nobis

153 1745 389 1820 Haedorumque
411 1743 474 1803 dies
496 1743 632 1803 servandi
654 1755 683 1802 et
704 1742 819 1802 lucidus
840 1744 962 1820 Anguis,
1087 1761 1145 1822 205

152 1828 249 1902 Quam
271 1824 377 1901 quibus
398 1825 427 1882 in
448 1824 573 1900 patriam
594 1834 719 1883 ventosa
739 1843 790 1901 per
811 1840 939 1899 aequora
959 1822 1052 1884 vectis

153 1909 265 1966 Pontus
286 1916 315 1965 et
335 1903 458 1964 ostriferi
477 1907 577 1963 fauces
598 1914 748 1963 tentantur
768 1903 875 1981 Abydi.

152 1989 241 2047 Libra
263 1985 311 2044 die
333 1984 488 2060 somnique
508 2004 593 2061 pares
613 1984 665 2043 ubi
686 1984 787 2044 lecerit
807 1986 902 2056 horaS,

153 2071 192 2128 Et
212 2067 343 2127 medium
364 2065 423 2125 luci
444 2077 533 2142 atque
554 2065 665 2124 umbris
686 2065 745 2123 iam
767 2063 871 2124 dividit
893 2065 1003 2138 orbern,

153 2151 302 2217 Exercete‚
324 2146 385 2216 viri,
408 2157 516 2218 tauros,
539 2145 626 2204 serite
645 2146 842 2204 hordeam
778 2165 813 2203 ca
814 2158 924 2286 ξε]

153 2231 259 2305 Usque
278 2228 334 2287 sub
355 2237 517 2286 extremum
538 2228 661 2286 brumae
680 2223 856 2285 intractabi'
904 2227 1034 2287 mbrem·
1026 2271 1035 2300 ‚

153 2312 219 2368 Nec
240 2328 310 2372 non
322 2318 352 2368 et
372 2307 424 2364 lini
445 2318 575 2384 segetem
597 2317 627 2365 et
649 2307 770 2366 Cereale
791 2298 922 2382 papaver

153 2393 285 2479 Tempus
306 2389 398 2447 humo
419 2398 517 2463 tegere
539 2397 568 2446 et
588 2387 763 2446 iamdudum
783 2385 954 2450 incumbere
975 2386 1075 2445 aratris

154 2472 236 2529 Dum
257 2469 335 2527 sicca
355 2469 459 2526 tellure
480 2467 557 2539 licet,
580 2468 651 2526 dum
672 2466 773 2525 nubila
793 2455 932 2542 penderit.

152 2551 230 2610 Vere
251 2547 325 2609 fabis
347 2547 440 2622 satin,
467 2558 530 2606 tum
552 2559 582 2607 te
602 2565 730 2638 quoque,
753 2546 878 2619 medica,
900 2566 940 2622 pu
942 2557 1010 2620 treS,
1088 2565 1142 2624 ²15

153 2629 313 2706 Accipiunt
333 2627 415 2699 sulci,
438 2639 467 2688 et
488 2627 569 2686 milio
590 2627 672 2686 venit
692 2646 792 2686 annua
813 2646 890 2698 cura,

154 2710 307 2772 Candidus
328 2708 435 2768 auratis
456 2708 550 2784 aperit
570 2727 639 2766 cum
660 2707 799 2767 cornibus
820 2727 930 2765 annum

152 2793 277 2862 Taurus,
299 2801 328 2850 et
349 2790 472 2849 adverso
493 2791 604 2848 cedens
625 2787 715 2849 Canis
737 2786 847 2846 occidit
867 2798 954 2846 astro.

152 2873 194 2930 At
215 2869 238 2929 si
259 2869 402 2929 triticeam
423 2869 453 2928 in
475 2888 601 2928 messem
621 2869 800 2943 robustaque
820 2868 896 2926 farra

153 2950 312 3010 Exercebis
334 2951 466 3020 humum,
488 2948 618 3024 solisque
637 2947 761 3006 instabis
782 2946 884 3020 aristis,
1089 2967 1144 3006 220

153 3036 233 3091 Ante
252 3029 307 3090 tibi
328 3031 410 3088 ane
432 3029 598 3087 Atlantides
619 3029 838 3087 abscondantur

155 3109 325 3183 Cnosiaque
346 3108 476 3167 ardentis
498 3108 623 3166 decedat
643 3109 728 3164 stella
750 3109 895 3178 Coronae,

155 3189 265 3249 Debita
286 3207 374 3263 quam
396 3186 484 3244 sulcis
505 3184 673 3243 committas
694 3185 807 3244 semina
828 3205 977 3261 quamque

150 3267 270 3327 'Invitae
290 3284 431 3341 properes
451 3264 521 3323 anni
541 3283 624 3337 spem
645 3265 765 3323 credere
785 3275 885 3323 terrae.

156 3346 245 3406 Multi
266 3356 334 3405 ante
356 3363 494 3404 occasum
516 3342 616 3402 Maiae
636 3361 781 3418 coepere:
816 3343 869 3401 sed
889 3343 955 3401 illos
1090 3364 1142 3423 ²²5
