2494 3702
146 64 200 102 102
401 50 436 107 P.
467 47 658 107 VERGILI
671 44 882 105 MARONIS

145 184 359 256 Terrarumque
380 178 452 239 velis
472 197 583 250 curam,
606 187 635 236 et
656 188 685 237 te
705 175 849 236 maximus
871 174 949 234 orbis

145 263 305 320 Auctorem
325 261 440 334 frugum
462 266 730 333 tempestatumque
751 266 903 333 potentem

146 339 291 415 Accipiat,
313 340 435 414 cingens
456 349 588 397 materna
608 347 742 412 tempora
762 346 857 412 myrto
866 358 875 410 3

146 425 194 479 An
216 421 288 478 deus
309 417 444 477 immensi
464 416 564 476 venias
585 418 672 476 maris
692 435 728 474 ac
748 427 799 476 tua
819 425 926 474 nautae

147 501 278 558 Numina
298 500 361 558 sola
380 498 487 569 colant,
510 497 562 556 tibi
583 498 688 556 serviat
707 495 811 555 ultima
831 497 935 567 Thule,

146 582 251 655 Teque
273 577 329 638 sibi
349 594 488 653 generum
510 575 621 653 Tethys
642 586 721 636 emat
741 575 879 635 omnibus
900 575 987 634 undis
997 595 1007 648 3

148 662 235 718 Anne
257 677 367 717 novum
389 657 478 716 tardis
500 656 581 715 sidus
602 666 631 715 te
652 655 804 714 mensibus
824 656 926 727 addas,

149 741 216 814 Qua
236 739 318 797 locus
340 736 488 813 Erigonen
509 735 586 795 inter
606 737 763 811 chelasque
784 746 952 811 sequentes¹

150 818 394 892 Panditur-ipse
415 816 469 875 tibi
488 816 547 875 iam
568 815 706 876 bracchia
727 815 873 874 contrahit
893 816 998 874 ardens

150 899 287 973 Scorpius
308 908 337 956 et
357 895 430 956 caeli
451 897 527 954 iusta
547 897 613 971 plus
634 907 716 972 parte
736 894 893 969 reliquit—
1099 910 1139 970 35

150 976 304 1053 Quidquid
326 976 490 1036 eris-nam
512 986 541 1034 te
561 995 617 1035 nec
638 986 757 1052 sperant
777 979 899 1034 Tartara
918 993 1017 1050 regem

150 1060 215 1117 Nec
236 1056 289 1116 tibi
310 1055 453 1132 regnandi
473 1054 571 1115 veniat
592 1067 651 1114 tarn
674 1055 737 1114 dira
757 1056 875 1132 cupido,

151 1138 294 1210 Quamvis
316 1137 430 1213 Elysios
451 1135 571 1194 miretur
592 1135 716 1194 Graecia
736 1154 858 1211 campos

150 1218 216 1276 Nec
236 1215 360 1292 repetita
381 1217 464 1291 sequi
485 1225 566 1274 curet
587 1217 762 1291 Proserpina
782 1227 948 1275 matrem-

151 1299 199 1355 Da
218 1296 332 1354 facilem
354 1315 471 1386 cursum
472 1305 605 1375 atque
600 1296 761 1386 audacibus
782 1296 880 1354 adnue
900 1295 1023 1372 coeptis,
1100 1316 1141 1368 40

134 1369 379 1514 (lgffsque't'
352 1371 417 1434 vtae
433 1371 554 1434 rr'iecum
574 1373 692 1435 miserat
693 1395 727 1434 us
747 1371 890 1464 agre-{Q

150 1457 309 1536 ingredere
329 1465 359 1514 et
378 1453 454 1514 votis
475 1457 534 1514 iarn
555 1474 636 1514 nunc
655 1451 877 1515 adsuesce
817 1455 923 1514 vocari.

190 1534 289 1595 Vere
288 1555 367 1595 novo
387 1535 501 1611 gelidus
522 1535 603 1594 canis
624 1554 690 1594 cum
712 1535 863 1595 montibus
884 1555 970 1595 umor

151 1614 286 1691 Liquitur
306 1627 335 1674 et
355 1617 489 1706 Zephyro
509 1616 602 1690 putris
623 1635 654 1675 se
674 1616 779 1692 glaeba
797 1616 924 1689 resolvit,
1206 1683 1210 1689 ,

153 1698 300 1771 Depresso
321 1694 442 1771 incipiat
461 1695 520 1754 iam
542 1708 604 1754 tum
625 1695 696 1754 mihi
718 1708 816 1755 taurus
836 1707 931 1755 aratro
1102 1712 1138 1773 45

153 1777 314 1851 Ingemere‚
337 1787 366 1834 et
387 1777 469 1834 sulco
490 1774 603 1834 attritus
624 1777 828 1851 splendescere
847 1795 957 1835 vomer.

153 1857 208 1914 llla
229 1874 311 1931 seges
331 1856 451 1914 demum
473 1855 548 1915 votis
569 1857 728 1931 respondet
748 1857 826 1915 avari

152 1933 314 2012 Agricolae,
336 1935 382 1993 bis
403 1954 478 2010 quae
500 1936 601 2008 solem,
624 1936 669 1995 bis
689 1935 795 2012 frigora
815 1936 907 1996 sensit
918 1956 927 2009 ;

153 2015 236 2074 lllius
257 2014 418 2075 immensae
438 2026 580 2091 ruperunt
601 2017 704 2076 horrea
724 2035 841 2076 messes.

151 2098 192 2153 At
212 2094 290 2171 prius
311 2095 444 2171 ignotum
465 2097 540 2155 ferro
561 2115 650 2171 quam
672 2095 833 2156 scindimus
853 2116 971 2173 aequor,
1103 2115 1141 2174 50

151 2176 266 2235 Ventos
287 2186 317 2257 et
336 2175 447 2234 varium
469 2175 542 2235 caeli
563 2177 747 2251 praediscere
767 2196 881 2236 morem

152 2257 232 2315 Cura
252 2254 289 2314 sit
309 2274 345 2313 ac
365 2255 475 2330 patrios
494 2257 650 2331 cultusque
670 2257 847 2332 habitusque
866 2259 1007 2330 locorum,

151 2337 191 2392 Et
211 2334 283 2409 quid
304 2353 439 2410 quaeque
459 2336 532 2394 ferat
552 2335 632 2412 regio
653 2346 683 2395 et
704 2336 775 2412 quid
796 2356 931 2412 quaeque
951 2348 1074 2398 recuset.

154 2413 215 2475 Hic
236 2425 357 2490 segetes
379 2413 439 2473 illic
458 2415 581 2474 veniunt
601 2415 714 2476 felicius
735 2435 818 2489 uvae,

151 2493 276 2552 Arborei
297 2495 372 2552 fetus
393 2493 470 2567 alibi,
492 2505 582 2570 atque
602 2495 713 2555 iniussa
732 2497 880 2556 virescunt
1103 2516 1140 2576 55

152 2572 297 2632 Gramina
342 2576 451 2633 Nonne
472 2574 554 2634 vides
574 2594 695 2636 croceos
715 2587 748 2635 ut
769 2579 893 2636 Tmolus
914 2578 1029 2650 odores,

153 2652 240 2711 India
260 2652 350 2712 mittit
369 2655 449 2726 ebur,
472 2656 576 2715 molles
597 2675 651 2715 sua
670 2667 734 2716 tura
753 2657 866 2728 Sabaei,

152 2729 193 2790 'At
213 2734 361 2810 Chalybes
381 2733 463 2793 nudi
474 2735 591 2806 ferrum,
612 2735 766 2812 virosaque
787 2739 901 2796 Pontus

153 2813 301 2884 Castorea,
324 2814 461 2872 Eliadum
482 2815 595 2889 palmas
616 2815 723 2891 Epiros
745 2819 910 2891 equarum?

153 2890 304 2952 Continuo
325 2894 377 2952 has
399 2895 477 2969 leges
498 2906 675 2970 aeternaque
696 2896 816 2956 foedera
836 2896 923 2957 certis
1103 2902 1142 2958 60

153 2972 300 3045 Imposuit
319 2983 423 3031 natura
443 2973 524 3045 locis,
547 2993 606 3049 quo
621 2985 764 3067 'tempore
781 2975 909 3051 primum

153 3051 318 3109 Deucalion
339 3071 464 3109 vacuum
485 3054 598 3127 lapides
618 3055 736 3113 iactavit
757 3055 786 3114 in
809 3060 919 3126 orbem,

154 3128 244 3186 Unde
265 3129 400 3187 homines
422 3130 491 3200 nati,
513 3131 618 3188 durum
638 3152 738 3207 genus.
782 3137 860 3210 Ετςο
880 3155 943 3212 age,
965 3148 1058 3196 terrae

153 3205 264 3280 Pingue
285 3209 381 3264 solum
402 3207 504 3281 primis
525 3212 672 3284 extemplo
693 3231 711 3270 a
731 3213 882 3273 mensibus
903 3216 974 3274 anni

154 3286 256 3342 Fortes
277 3285 421 3343 invertant
443 3285 524 3358 tauri,
546 3289 751 3364 glaebasque'
744 3302 873 3351 racentes
1103 3302 1139 3374 65
