2468 3692
134 82 191 158 358
258 130 262 138 .
382 77 417 138 P.
453 77 645 136 VERGILI
666 71 878 133 MARONIS

134 211 232 284 Quem
253 227 424 284 congressus
444 207 503 282 agit
524 225 637 282 campo,
660 207 831 282 lapsumque
853 214 1022 279 superstans
1065 221 1126 280 540

135 289 282 358 Immolet,
305 287 472 363 ingentique
495 287 598 344 umbra
619 284 707 359 tegit3
731 303 811 342 amra
832 284 964 343 Serestus

135 369 226 426 Lecta
246 367 331 425 refert
352 364 488 436 humeris,
511 363 571 435 tibi,
595 382 646 422 rex
667 362 802 434 Gradive,
825 372 986 437 tropaeum

135 448 302 504 Instaurant
322 442 399 502 acies
421 441 545 502 Volcani
566 441 654 515 stirpe
675 451 787 500 creatus

135 525 279 584 Caeculus
301 533 330 582 et
349 521 469 580 veniens
492 522 655 579 Marsorum
677 519 826 578 montibus
848 520 972 578 Umbro.

136 601 319 662 Dardanides
341 611 442 660 contra
461 599 536 658 furit.
578 596 703 656 Anxuris
725 617 795 657 ense
816 598 960 658 sinistram
1063 615 1120 675 545

136 683 174 739 Et
196 690 289 739 totum
311 679 397 754 clipei
416 681 491 737 ferro
512 675 656 737 deiecerat
676 679 797 736 orbem:

136 757 270 835 (Dixerat
288 757 335 816 ille
355 756 465 832 aliquid
485 774 632 832 magnum,
652 755 769 831 vimque
789 757 890 815 adfore
910 757 1002 816 verbo

136 836 314 907 Crediderat,
336 837 476 910 caeloque
496 837 625 893 animum
644 836 765 893 fortasse
785 836 904 906 ferebat,

136 915 340 989 Canitiemque
359 914 414 973 sibi
434 925 464 973 et
482 915 586 988 longos
606 912 777 988 promiserat
796 932 889 972 annos
900 913 919 990 ε)

135 995 293 1068 Tarquitus
315 994 460 1052 exsultans
481 1003 583 1051 contra
603 991 779 1066 fulgentibus
801 991 896 1063 armis,
1063 1009 1123 1069 550

135 1073 288 1132 Silvicolae
309 1074 411 1130 Fauno
433 1073 551 1147 Dryope
573 1089 661 1145 quem
682 1071 821 1146 Nympha
840 1081 959 1144 crearat,

137 1151 249 1212 Obvius
271 1149 384 1210 ardenti
405 1169 468 1209 sese
490 1149 602 1210 obtulit.
641 1150 696 1207 Ille
716 1150 838 1208 reducta

137 1231 270 1289 Loricam
291 1228 436 1305 clipeique
457 1229 559 1303 ingens
581 1246 656 1287 onus
677 1226 790 1302 inpedit
809 1229 910 1300 hasta;

136 1311 213 1366 Tum
234 1319 322 1384 caput
342 1307 449 1367 orantis
470 1307 655 1382 nequiquam,
676 1316 706 1365 et
725 1309 817 1365 multa
836 1305 965 1381 parantis

138 1387 252 1459 Dicere,
275 1388 409 1446 deturbat
429 1397 529 1458 terrae,
553 1395 745 1460 truncumque
765 1397 913 1460 tepentem
1062 1405 1120 1466 555

138 1467 314 1525 Provolvens
336 1483 422 1539 super
442 1465 515 1522 haec
536 1463 654 1522 inimico
674 1475 792 1539 pectore
812 1466 903 1523 fatur:

137 1543 225 1602 ‘Istic
246 1562 333 1616 nunc,
356 1543 520 1615 metuende,
543 1542 622 1602 iace!
664 1545 734 1601 Non
756 1553 785 1601 te
807 1543 918 1618 optima
939 1555 1033 1603 mater

137 1623 272 1682 ‘Condet
291 1621 381 1693 humi,
402 1623 531 1696 patriove
552 1622 685 1681 onerabit
705 1623 835 1680 membra
855 1623 1028 1698 sepulchro:

136 1700 278 1758 ‘Alitibus
299 1700 428 1776 linquere
448 1701 533 1773 feris;
556 1711 607 1760 aut
627 1700 738 1777 gurgite
757 1720 884 1760 mersum

137 1780 245 1838 ‘Unda
264 1781 343 1851 seret,
365 1778 518 1854 piscesque
539 1778 646 1855 inpasti
666 1782 785 1839 volnera
805 1781 954 1839 lambent’
1063 1785 1122 1859 560

137 1857 271 1917 Protinus
291 1861 438 1918 Antaeum
458 1869 488 1918 et
509 1861 627 1931 Lucam,
650 1859 743 1934 prima
761 1859 878 1934 agmina
898 1858 1000 1930 Turni,

137 1937 327 2013 Persequitur,
349 1939 512 2012 fortemque
532 1940 667 2008 Numam,
689 1939 858 2012 fulvumque
879 1939 1055 2012 Camertem,

137 2015 328 2090 Magnanimo
349 2017 508 2074 Volscente
528 2027 631 2086 satum,
653 2016 811 2075 ditissimus
832 2017 892 2092 agri

137 2094 196 2166 Qui
215 2094 269 2152 fuit
288 2095 483 2166 Ausonidum,
505 2105 533 2153 et
554 2094 648 2154 tacitis
669 2096 799 2170 regnavit
818 2095 956 2171 Amyclis

135 2173 275 2247 Aegaeon
296 2175 397 2247 qualis,
417 2183 535 2231 centum
555 2173 603 2231 cui
623 2174 758 2232 bracchia
779 2173 888 2246 dicunt,
1065 2180 1121 2254 565

137 2252 343 2326 Centenasque
363 2270 476 2322 manus,
499 2250 708 2326 quinquaginta
729 2252 826 2311 oribus
847 2252 944 2329 ignem

136 2329 365 2404 Pectoribusque
385 2330 497 2402 arsisse,
519 2331 599 2389 Iovis
619 2349 687 2388 cum
706 2330 828 2389 fulmina
848 2343 949 2390 contra

136 2409 195 2466 Tot
216 2407 333 2481 paribus
355 2418 496 2482 streperet
517 2408 627 2484 clipeis,
648 2419 692 2468 tot
714 2411 864 2485 stringeret
885 2429 988 2472 enses:

136 2484 184 2544 Sic
205 2495 269 2544 toto
290 2489 406 2546 Aeneas
431 2485 560 2546 desaevit
582 2489 612 2545 in
634 2507 761 2562 aequore
782 2489 881 2562 victor,

137 2565 181 2622 Ut
202 2565 292 2623 semel
314 2564 438 2641 intepuit
459 2584 567 2625 mucro.
611 2566 691 2639 Quin
712 2585 781 2626 ecce
803 2567 930 2643 Niphaei
1069 2589 1125 2649 570

136 2642 328 2718 Quadriiuges
348 2643 379 2702 in
400 2663 492 2720 equos
513 2646 693 2720 adversaque
713 2657 832 2721 pectora
855 2647 959 2706 tendit.

135 2725 233 2798 Atque
254 2723 304 2796 illi,
326 2724 413 2798 longe
433 2722 613 2798 gradientem
635 2735 665 2783 et
687 2725 749 2784 dira
769 2727 940 2785 frementem

137 2803 180 2860 Ut
202 2801 309 2874 videre,
333 2814 412 2861 metu
434 2803 508 2860 versi
529 2814 663 2877 retroque
684 2814 801 2863 ruentes

138 2882 356 2955 Effunduntque
378 2883 492 2954 ducem,
513 2881 688 2956 rapiuntque
709 2882 747 2941 ad
769 2883 854 2943 litora
874 2903 982 2944 currus
1223 2941 1224 2952 ,

137 2961 254 3016 Interea
274 2959 378 3034 biiugis
399 2959 483 3018 infert
503 2980 534 3020 se
557 2963 691 3036 Lucagus
713 2961 787 3021 albis
1070 2985 1124 3046 575
1223 2981 1224 3016 l

137 3038 175 3091 In
196 3036 318 3105 medios,
339 3039 483 3111 fraterque
507 3039 610 3114 Liger3
634 3040 687 3098 sed
708 3043 795 3100 frater
815 3041 937 3101 habenis

138 3111 243 3166 Flectit
265 3129 364 3183 equos,
387 3115 517 3174 strictum
538 3128 614 3175 rotat
636 3137 704 3176 acer
725 3121 859 3195 Lucagus
881 3140 990 3182 ensem.

138 3187 231 3241 Haud
251 3188 315 3244 tulit
336 3191 453 3248 Aeneas
474 3203 557 3252 tanto
577 3197 688 3254 fervore
709 3198 856 3259 furentes:

142 3259 240 3332 Inruit,
263 3263 441 3346 adversaque
462 3269 565 3349 ingens
586 3273 720 3350 adparuit
741 3277 830 3340 hasta
