2514 3690
382 77 655 139 GEORGJCON
667 80 752 138 rra.
775 82 832 138 JV.
1045 95 1100 152 149

107 223 226 298 Vesper
245 221 296 282 ubi
317 242 334 282 e
355 233 440 298 pastu
461 224 581 283 tandem
602 225 747 285 decedere
767 226 880 302 campis

107 303 283 373 Admonuit,
305 312 369 362 tum
390 314 469 362 tecta
489 316 603 379 petunt,
625 315 688 363 tum
709 325 833 382 corpora
853 318 957 367 curant
964 331 974 383 3

107 381 157 442 Fit
178 382 291 442 sonitus
311 395 503 459 mussantque
524 403 589 443 oras
610 396 639 444 et
660 385 762 444 limina
782 387 900 445 circum.

106 465 189 538 Post,
212 462 264 522 ubi
284 463 343 523 iam
364 462 500 522 thalamis
521 485 552 524 se
573 483 775 541 composuere,
795 467 897 527 siletur

106 545 146 602 In
166 555 287 603 noctem
307 545 460 618 fessosque
480 564 570 621 sopor
590 565 659 604 suus
681 557 808 622 occupat
827 557 914 608 artus.
1043 571 1099 628 190

105 626 175 683 Nec
194 643 265 683 vero
284 644 303 683 a
323 624 444 684 stabulis
465 625 565 700 pluvia
584 625 777 700 impendente
797 630 939 688 recedunt

105 704 248 780 longius,
269 715 321 763 aut
340 706 465 764 credunt
485 706 568 765 caelo
589 706 817 766 adventantibus
837 707 912 768 euris
921 730 930 782 ;

104 787 167 844 Sed
187 785 295 844 circum
317 795 398 844 tutae
418 787 473 845 sub
492 785 650 846 moenibus
670 786 749 845 urbis
770 800 922 864 aquantur,

105 868 315 941 Excursusque
335 867 438 924 breves
460 877 615 941 temptant,
637 877 666 926 ct
687 887 776 943 saepe
797 869 922 944 lapilloS,

104 948 151 1006 Ut
172 947 295 1023 cymbae
315 944 467 1005 instabiles
487 947 579 1005 fluctu
599 947 726 1006 iactante
748 949 905 1023 saburram,
1040 969 1094 1028 195

74 989 239 1165 lTlAEHunh
260 1025 306 1085 his
327 1045 391 1086 sese
411 1045 464 1102 per
483 1026 582 1085 inania
602 1026 704 1086 nubila
724 1026 838 1088 librant.

121 1108 196 1165 llum
217 1108 294 1166 adeo
313 1105 458 1183 placuisse
478 1105 585 1182 apibus
605 1107 749 1167 mirabere
769 1127 891 1180 morem,

102 1187 197 1263 Quod
216 1205 316 1263 neque
337 1186 495 1245 concubitu
515 1186 669 1263 indulgent
689 1191 748 1246 nec
766 1207 891 1263 corpora
910 1208 1016 1266 segnes

102 1270 142 1325 In
164 1269 313 1327 Venerem
334 1269 451 1326 solvunt
471 1278 521 1326 aut
541 1269 617 1326 fetus
638 1267 754 1326 nixibus
775 1269 885 1341 edunt;

101 1351 216 1407 Verum
238 1347 320 1424 ipsae
338 1367 357 1410 ¹e
378 1346 454 1407 soliis
475 1358 570 1418 natos,
592 1367 609 1406 e
630 1347 768 1406 suavibus
789 1348 886 1407 herbis
1039 1371 1095 1410 200

102 1431 164 1488 Ore
185 1429 295 1505 legunt,
317 1427 397 1504 ipsae
417 1446 515 1504 regem
535 1446 702 1503 parvosque
723 1427 852 1503 Quirites

101 1508 268 1580 Sufficiunt,
289 1511 428 1583 aulasque
449 1520 478 1567 et
499 1527 585 1566 cerea
603 1527 693 1584 regna
713 1511 845 1585 refigunt.

53 1569 200 1683 (Saepe
220 1588 310 1648 etiam
330 1587 411 1647 duris
431 1589 555 1646 errando
576 1587 606 1645 in
628 1587 742 1648 cotibus
762 1590 823 1648 alas

100 1668 251 1728 Attrivere
271 1669 406 1743 ultroque
426 1667 556 1726 animam
577 1669 632 1726 sub
652 1669 731 1728 fasce
751 1670 877 1730 dedere:

100 1753 218 1809 Tantus
239 1768 322 1808 arnor
342 1749 446 1808 florum
467 1758 497 1807 et
517 1748 678 1823 generandi
697 1750 789 1825 gloria
809 1750 911 1808 mellis.
1037 1768 1091 1828 ²05

101 1832 183 1906 Ergo
204 1828 283 1905 ipsas
303 1828 437 1904 quamvis
458 1828 574 1904 angusti
594 1827 734 1888 terminus
754 1829 819 1889 aevi

100 1909 241 1986 Excipiat
263 1908 371 1984 (neque
392 1907 471 1968 enim
491 1910 558 1985 plus
579 1909 704 1984 septima
724 1910 841 1968 ducitur
861 1909 968 1988 aestas)

99 1993 143 2050 At
163 2009 258 2066 genus
278 1988 441 2049 immortale
462 2000 562 2048 manet
582 1991 751 2064 multosque
770 2009 824 2066 per
844 2009 937 2049 annos

99 2073 166 2130 Stat
186 2072 306 2129 fortuna
326 2070 432 2129 domus
453 2080 483 2128 et
503 2067 549 2128 avi
569 2080 759 2128 numerantur
779 2087 908 2128 avorum.

100 2155 260 2210 Praeterea
279 2169 377 2226 regern
398 2169 460 2208 non
481 2148 523 2208 sic
544 2151 694 2226 Aegyptos
715 2160 744 2208 et
765 2147 868 2224 ingens
1036 2171 1093 2210 210

100 2230 200 2308 Lydia
219 2249 275 2288 nec
294 2231 399 2306 populi
420 2231 593 2288 Parthorum
614 2240 665 2288 aut
687 2229 796 2287 Medus
818 2231 977 2306 Hydaspes

101 2313 279 2372 Observant
322 2313 405 2386 Rege
426 2309 566 2368 incolumi
587 2329 670 2368 mens
692 2308 829 2368 omnibus
849 2329 908 2368 una
929 2321 991 2385 est3

101 2390 222 2450 Amisso
243 2409 347 2465 rupere
368 2391 458 2449 fidem
478 2400 705 2464 constructaque
726 2391 814 2449 mella

102 2470 260 2547 Diripuere
280 2469 362 2546 ipsae
382 2481 412 2530 et
432 2480 527 2528 crates
548 2471 660 2528 solvere
681 2471 821 2529 favorum.

102 2553 160 2611 Ille
184 2569 308 2627 operum
330 2559 438 2622 custoS,
460 2548 542 2608 illum
567 2549 748 2609 admirantur
772 2561 802 2609 et
826 2570 929 2612 omnes
1035 2571 1108 2628 ²15·

102 2630 302 2694 Circumstant
322 2629 439 2688 fremitu
463 2630 557 2688 denso
580 2629 750 2706 stipantque
773 2632 949 2706 frequentes

65 2781 74 2788 ,
102 2715 144 2772 Et
167 2729 256 2786 saepe
278 2712 416 2770 attollunt
437 2709 546 2769 umeris
568 2720 597 2769 et
622 2729 746 2786 corpora
770 2711 849 2770 bello

48 2787 68 2886 (
103 2791 273 2860 Obiectant,
296 2792 510 2866 pulchramque
532 2800 637 2865 petunt
659 2810 710 2866 per
731 2792 853 2849 volnera
876 2802 1009 2851 mortem.

144 2871 204 2930 His
225 2869 347 2946 quidam
369 2869 459 2946 signis
481 2880 569 2943 atque
591 2871 666 2929 haec
688 2872 824 2945 exempla
848 2871 941 2930 secuti

103 2955 179 3013 Esse
202 2950 308 3027 apibus
332 2963 447 3026 partem
469 2949 586 3010 divinae
611 2950 718 3009 mentis
739 2961 769 3008 et
791 2951 912 3010 haustus
1036 2973 1093 3012 220

101 3031 259 3092 Aetherios
284 3029 401 3103 dixere;
428 3031 517 3090 deum
540 3048 669 3106 namque
692 3031 733 3089 ire
756 3048 809 3106 per
830 3035 933 3092 omne's

101 3116 268 3188 Terrasque
292 3120 459 3186 tractusque
481 3109 569 3168 maris
593 3112 768 3186 caelumque
789 3113 967 3186 profundum
979 3133 987 3186 ;

103 3191 187 3252 Hinc
208 3192 347 3267 pecudes,
370 3201 510 3263 armenta,
535 3189 621 3261 viros,
644 3209 737 3266 genus
761 3209 851 3250 omne
873 3193 1009 3264 ferarum,

102 3273 263 3347 Quemque
286 3269 343 3331 sibi
366 3281 468 3330 tenues
492 3279 663 3328 nascentem
685 3289 831 3329 arcessere
853 3270 947 3342 vitas;

101 3350 221 3416 Scilicet
242 3352 301 3410 huc
321 3350 407 3410 reddi
430 3349 539 3409 deinde
563 3367 600 3406 ac
621 3351 749 3408 resoluta
772 3349 870 3406 referri
1037 3369 1071 3405 22
1077 3369 1092 3423 5
