2460 3686
144 53 199 106 192
407 33 443 92 P.
475 31 666 92 VERGILI
680 32 892 94 MARONIS

143 157 235 220 Urbis
254 157 299 220 uti
318 169 424 236 captae
445 177 547 220 casum
567 153 768 237 convolsaque
789 160 863 222 vidit

143 238 259 299 Limina
279 249 433 312 tectorum,
456 250 486 300 et
506 239 638 301 medium
659 241 690 300 in
711 243 909 317 penetralibus
929 243 1060 316 hostem,

141 322 235 380 Arma
254 317 306 380 diu
328 318 427 380 senior
446 321 571 380 desueta
590 320 784 382 trementibus
804 341 878 383 aevo

141 397 312 460 Circumdat
332 399 513 476 nequiquam
533 401 651 473 umeris,
672 412 704 461 et
724 401 827 463 inutile
846 404 953 462 terrum
1090 421 1148 480 510

141 479 284 556 Cingitur,
306 498 342 540 ac
362 481 472 540 densos
492 481 582 539 fertur
601 480 760 541 moriturus
780 482 812 540 in
831 483 939 543 hostes.

141 559 276 620 Aedibus
297 557 328 620 in
348 559 454 620 mediis
474 561 618 636 nudoque
638 563 694 622 sub
715 561 840 623 aetheris
860 582 915 623 axe

142 641 254 716 Ingens
275 658 325 699 ara
344 637 399 699 tuit
420 638 559 716 iuxtaque
579 642 733 701 veterrima
753 644 860 714 laurus,

141 720 323 780 Incumbens
344 738 412 779 arae
432 730 521 796 atque
541 721 646 781 umbra
665 722 822 798 complexa
841 733 970 799 penates.

142 799 205 859 Hic
226 801 355 860 Hecuba
375 810 407 860 et
426 811 514 860 natae
534 801 715 878 nequiquam
735 801 837 862 altaria
857 802 975 878 circum,
1089 823 1145 881 515
1206 847 1207 852 η

142 877 321 956 Praecipites
341 890 404 938 atra
424 898 480 941 ceu
501 891 677 957 tempestate
697 884 862 954 columbae,

141 960 320 1020 Condensae
341 970 372 1020 et
392 959 492 1020 divom
512 963 667 1037 amplexae
687 961 841 1022 simulacra
861 963 1016 1023 sedebant

141 1040 247 1116 Ipsum
267 1051 367 1100 autem
388 1040 513 1116 sumptis
534 1041 684 1101 Priamum
704 1040 887 1102 iuvenalibus
908 1043 998 1102 armis

141 1121 186 1180 Ut
206 1119 288 1192 vidit,
312 1121 416 1195 ‘Quae
436 1139 521 1180 mens
542 1131 605 1180 tam
626 1121 697 1193 dira,
719 1121 881 1183 miserrime
900 1122 1040 1195 coniunx,

141 1201 283 1276 ‘Impulit
303 1199 348 1260 his
369 1199 447 1277 cingi
467 1199 555 1260 telis?
582 1212 633 1260 aut
653 1219 715 1276 quo
735 1202 832 1262 ruis?'
852 1202 956 1278 inquit
1090 1223 1147 1282 520

141 1281 231 1339 ‘Non
251 1280 302 1339 tali
322 1279 440 1354 auxilio,
462 1299 520 1340 nec
539 1281 742 1341 defensoribus
763 1281 825 1341 istis

143 1361 293 1436 ‘Tempus
313 1371 398 1437 eget3
419 1379 489 1432 non,
511 1360 536 1420 si
556 1361 620 1437 ipse
640 1380 724 1421 meus
745 1381 826 1421 nunc
845 1363 959 1422 adforet
981 1365 1112 1425 Hector.

144 1441 233 1499 ‘Huc
253 1441 375 1500 tandem
396 1442 548 1514 concede3
575 1442 650 1500 haec
670 1460 720 1500 ara
740 1442 870 1503 tuebitur
890 1461 1005 1518 omnes,

141 1522 220 1579 ‘Aut
239 1519 364 1580 moriere
384 1521 490 1580 simul!
532 1520 582 1581 Sic
602 1540 653 1580 ore
673 1523 760 1582 effata
780 1522 892 1599 recepit

139 1602 189 1660 Ad
209 1619 283 1672 sese,
305 1611 335 1660 et
355 1619 437 1660 sacra
455 1601 631 1678 longaevom
651 1601 683 1660 in
703 1603 774 1662 sede
794 1601 909 1662 locavit.
1087 1622 1145 1682 525

182 1682 278 1740 ‘Ecce
298 1691 398 1740 autem
419 1681 533 1756 elapsus
554 1681 656 1756 Pyrrhi
676 1683 715 1742 de
735 1683 827 1742 caede
848 1682 969 1757 Polites,

141 1762 230 1821 Unus
250 1772 388 1821 natorum
408 1761 523 1833 Priami,
545 1781 598 1837 per
618 1763 684 1834 tela,
704 1781 758 1838 per
777 1763 878 1822 hostes

141 1839 306 1900 Porticibus
326 1840 422 1917 longis
442 1842 523 1917 fugit,
545 1852 575 1901 et
595 1861 689 1902 vacua
708 1842 782 1902 atria
802 1844 903 1902 lustrat

140 1921 268 1980 Saucius
313 1922 403 1982 Illum
422 1922 528 1981 ardens
549 1921 656 1982 infesto
676 1923 796 1983 volnere
818 1924 944 1999 Pyrrhus

139 2001 316 2077 Insequitur,
339 2000 399 2060 iam
420 2002 539 2077 iamque
560 2021 650 2060 manu
670 2013 751 2062 tenet
771 2013 802 2063 et
822 2002 928 2078 premit
949 2004 1043 2066 hasta
1084 2025 1146 2083 530

138 2081 183 2142 Ut
203 2082 325 2141 tandem
345 2092 415 2140 ante
436 2084 539 2142 oculos
559 2081 651 2142 evasit
672 2093 702 2142 et
722 2101 773 2142 ora
792 2094 957 2159 parentum,

139 2161 287 2233 Concidit,
309 2180 345 2220 ac
364 2163 459 2221 multo
480 2161 570 2221 vitam
591 2181 659 2220 cum
680 2163 823 2238 sanguine
842 2163 926 2222 fudit

139 2241 201 2301 Hic
222 2241 364 2314 Priamus,
387 2261 569 2318 quamquam
589 2241 620 2301 in
641 2241 741 2302 media
759 2243 819 2302 iam
840 2253 936 2303 morte
955 2253 1086 2315 tenetur,

138 2322 210 2380 Non
230 2330 330 2381 tamen
350 2321 500 2394 abstinuit,
522 2339 579 2382 nec
599 2321 665 2382 voci
685 2321 805 2399 iraeque
829 2318 969 2397 pepercit.

138 2403 196 2459 ‘At
215 2400 270 2460 tibi
289 2419 343 2477 pro
364 2403 498 2473 scelere,’
519 2403 673 2474 exclamat,
696 2408 767 2477 ‘pro
792 2401 897 2460 talibus
919 2398 1006 2471 ausis,
1082 2416 1143 2477 535

138 2479 205 2555 ‘Di‚
227 2480 252 2539 si
273 2500 332 2557 qua
352 2492 397 2540 est
417 2484 500 2542 caelo
520 2481 623 2557 pietas,
645 2500 722 2557 quae
743 2481 814 2540 talia
838 2491 928 2550 curet,

137 2563 325 2620 ‘Persolvant
345 2571 440 2638 grates
461 2561 574 2637 dignas,
596 2573 627 2621 et
646 2561 776 2637 praemia
795 2561 922 2620 reddant

139 2640 274 2716 ‘Debita
294 2640 345 2718 qui
365 2640 428 2701 nati
448 2659 547 2702 coram
568 2660 616 2700 me
636 2659 755 2701 cernere
776 2642 868 2700 letum

137 2721 271 2794 ‘Fecisti
293 2732 322 2781 et
342 2720 453 2798 patrios
472 2720 598 2780 foedasti
618 2722 719 2780 funere
737 2722 842 2780 voltus.

137 2805 193 2861 ‘At
213 2819 275 2863 non
295 2801 352 2873 ille,
374 2811 471 2861 satum
491 2818 551 2876 quo
571 2811 602 2860 te
622 2799 761 2872 mentiris,
783 2798 913 2860 Achilles
1081 2817 1141 2876 540

136 2882 233 2942 ‘Talis
254 2882 285 2941 in
306 2883 391 2941 hoste
411 2880 465 2940 fuit
487 2880 603 2940 Priamo
613 2901 623 2954 3
646 2881 700 2939 sed
720 2879 784 2938 iura
803 2881 953 2955 fidemque
1006 2946 1008 2950 .

136 2961 298 3038 ‘Supplicis
319 2960 442 3031 erubuit,
465 2978 630 3036 corpusque
652 2978 799 3036 exsangue
819 2960 953 3036 sepulcro

136 3041 299 3099 ‘Reddidit
320 3042 512 3106 Hectoreum,
534 3057 642 3112 meque
662 3039 693 3097 in
714 3057 782 3098 mea
800 3057 891 3116 regna
910 3035 1042 3096 remisit'

135 3118 184 3176 Sic
204 3118 280 3174 fatus
300 3115 405 3185 senior,
428 3117 578 3188 telumque
599 3116 708 3176 inbelle
728 3117 792 3175 sine
812 3117 872 3176 ictu

135 3193 279 3262 Coniecit,
299 3210 389 3250 rauco
409 3191 492 3267 quod
511 3191 643 3264 protinus
663 3213 730 3253 aere
749 3197 908 3270 repulsum,
1072 3210 1131 3272 545

136 3273 177 3330 Et
196 3287 313 3328 summo
332 3267 418 3343 clipei
437 3269 618 3342 nequiquam
638 3273 770 3330 umbone
789 3273 940 3348 pependit
