<?xml version="1.0" encoding="UTF-8"?>
<!DOCTYPE html PUBLIC "-//W3C//DTD XHTML 1.0 Transitional//EN"
    "http://www.w3.org/TR/xhtml1/DTD/xhtml1-transitional.dtd">
<html xmlns="http://www.w3.org/1999/xhtml" xml:lang="en" lang="en">
 <head>
  <title>
</title>
<meta http-equiv="Content-Type" content="text/html;charset=utf-8" />
  <meta name='ocr-system' content='tesseract 3.04.00' />
  <meta name='ocr-capabilities' content='ocr_page ocr_carea ocr_par ocr_line ocrx_word'/>
</head>
<body>
  <div class='ocr_page' id='page_1' title='image "./pvergilimaronis13virggoog/pvergilimaronis13virggoog_0380.png"; bbox 0 0 2442 3686; ppageno 0'>
   <div class='ocr_carea' id='block_1_1' title="bbox 365 113 800 174">
    <p class='ocr_par' dir='ltr' id='par_1_1' title="bbox 365 113 800 174">
     <span class='ocr_line' id='line_1_1' title="bbox 365 113 800 174; baseline -0.005 0"><span class='ocrx_word' id='word_1_1' title='bbox 365 114 604 174; x_wconf 80' lang='lat' dir='ltr'><strong>AENEIDOS</strong></span> <span class='ocrx_word' id='word_1_2' title='bbox 627 113 713 171; x_wconf 88' lang='lat' dir='ltr'><em>LIB.</em></span> <span class='ocrx_word' id='word_1_3' title='bbox 743 115 800 172; x_wconf 87' lang='lat' dir='ltr'><strong>XL</strong></span> 
     </span>
    </p>
   </div>
   <div class='ocr_carea' id='block_1_2' title="bbox 95 241 921 782">
    <p class='ocr_par' dir='ltr' id='par_1_2' title="bbox 95 241 921 782">
     <span class='ocr_line' id='line_1_2' title="bbox 95 241 921 317; baseline 0 -17"><span class='ocrx_word' id='word_1_4' title='bbox 95 242 187 315; x_wconf 88' lang='lat' dir='ltr'><strong>Quos</strong></span> <span class='ocrx_word' id='word_1_5' title='bbox 207 242 301 300; x_wconf 90' lang='lat' dir='ltr'><strong>bonus</strong></span> <span class='ocrx_word' id='word_1_6' title='bbox 321 243 444 311; x_wconf 82' lang='lat' dir='ltr'>Aeneas,</span> <span class='ocrx_word' id='word_1_7' title='bbox 465 241 543 298; x_wconf 88' lang='lat' dir='ltr'><strong>haud</strong></span> <span class='ocrx_word' id='word_1_8' title='bbox 563 243 743 314; x_wconf 84' lang='lat' dir='ltr'><strong>aspamanda</strong></span> <span class='ocrx_word' id='word_1_9' title='bbox 763 251 921 317; x_wconf 68' lang='lat' dir='ltr'><strong>precantes</strong></span> 
     </span>
     <span class='ocr_line' id='line_1_3' title="bbox 96 315 907 394; baseline 0 -16"><span class='ocrx_word' id='word_1_10' title='bbox 96 321 289 394; x_wconf 86' lang='lat' dir='ltr'><strong>Prosequitur</strong></span> <span class='ocrx_word' id='word_1_11' title='bbox 307 317 400 388; x_wconf 85' lang='lat' dir='ltr'><strong>venia,</strong></span> <span class='ocrx_word' id='word_1_12' title='bbox 421 328 450 375; x_wconf 93' lang='lat' dir='ltr'><strong>et</strong></span> <span class='ocrx_word' id='word_1_13' title='bbox 468 315 562 374; x_wconf 90' lang='lat' dir='ltr'><strong>verbis</strong></span> <span class='ocrx_word' id='word_1_14' title='bbox 583 318 655 375; x_wconf 88' lang='lat' dir='ltr'><strong>haec</strong></span> <span class='ocrx_word' id='word_1_15' title='bbox 674 317 790 393; x_wconf 87' lang='lat' dir='ltr'>insuper</span> <span class='ocrx_word' id='word_1_16' title='bbox 810 320 907 378; x_wconf 88' lang='lat' dir='ltr'>addit:</span> 
     </span>
     <span class='ocr_line' id='line_1_4' title="bbox 144 395 892 470; baseline 0.001 -16"><span class='ocrx_word' id='word_1_17' title='bbox 144 398 314 470; x_wconf 83' lang='lat' dir='ltr'><strong>‘Quaenam</strong></span> <span class='ocrx_word' id='word_1_18' title='bbox 333 413 386 454; x_wconf 94' lang='lat' dir='ltr'><strong>vos</strong></span> <span class='ocrx_word' id='word_1_19' title='bbox 406 405 488 452; x_wconf 89' lang='lat' dir='ltr'><strong>tanto</strong></span> <span class='ocrx_word' id='word_1_20' title='bbox 507 397 622 452; x_wconf 88' lang='lat' dir='ltr'><strong>fortuna</strong></span> <span class='ocrx_word' id='word_1_21' title='bbox 641 395 767 470; x_wconf 86' lang='lat' dir='ltr'><strong>indigna,</strong></span> <span class='ocrx_word' id='word_1_22' title='bbox 789 397 892 466; x_wconf 87' lang='lat' dir='ltr'><strong>Latini,</strong></span> 
     </span>
     <span class='ocr_line' id='line_1_5' title="bbox 100 472 791 549; baseline 0 -17"><span class='ocrx_word' id='word_1_23' title='bbox 100 475 259 549; x_wconf 89' lang='lat' dir='ltr'><strong>‘Inplicuit</strong></span> <span class='ocrx_word' id='word_1_24' title='bbox 277 475 367 544; x_wconf 75' lang='lat' dir='ltr'><strong>belm„</strong></span> <span class='ocrx_word' id='word_1_25' title='bbox 386 472 436 547; x_wconf 92' lang='lat' dir='ltr'><strong>qui</strong></span> <span class='ocrx_word' id='word_1_26' title='bbox 455 491 509 530; x_wconf 91' lang='lat' dir='ltr'><strong>nos</strong></span> <span class='ocrx_word' id='word_1_27' title='bbox 529 472 641 545; x_wconf 88' lang='lat' dir='ltr'><strong>fugiatis</strong></span> <span class='ocrx_word' id='word_1_28' title='bbox 662 475 791 532; x_wconf 85' lang='lat' dir='ltr'><strong>amicos?</strong></span> 
     </span>
     <span class='ocr_line' id='line_1_6' title="bbox 100 549 895 626; baseline 0.003 -17"><span class='ocrx_word' id='word_1_29' title='bbox 100 556 228 610; x_wconf 84' lang='lat' dir='ltr'><strong>‘Pacem</strong></span> <span class='ocrx_word' id='word_1_30' title='bbox 248 570 294 609; x_wconf 91' lang='lat' dir='ltr'><strong>me</strong></span> <span class='ocrx_word' id='word_1_31' title='bbox 315 549 454 608; x_wconf 88' lang='lat' dir='ltr'><strong>exanimis</strong></span> <span class='ocrx_word' id='word_1_32' title='bbox 475 560 503 606; x_wconf 91' lang='lat' dir='ltr'><strong>et</strong></span> <span class='ocrx_word' id='word_1_33' title='bbox 524 550 625 607; x_wconf 86' lang='lat' dir='ltr'><strong>Martis</strong></span> <span class='ocrx_word' id='word_1_34' title='bbox 645 562 721 608; x_wconf 86' lang='lat' dir='ltr'>sorte</span> <span class='ocrx_word' id='word_1_35' title='bbox 741 553 895 626; x_wconf 84' lang='lat' dir='ltr'><strong>peremptis</strong></span> 
     </span>
     <span class='ocr_line' id='line_1_7' title="bbox 101 625 849 702; baseline -0.003 -13"><span class='ocrx_word' id='word_1_36' title='bbox 101 629 242 690; x_wconf 76' lang='lat' dir='ltr'><strong>‘Oratisi</strong></span> <span class='ocrx_word' id='word_1_37' title='bbox 262 629 398 702; x_wconf 91' lang='lat' dir='ltr'><strong>equidem</strong></span> <span class='ocrx_word' id='word_1_38' title='bbox 417 636 447 685; x_wconf 86' lang='lat' dir='ltr'><strong>et</strong></span> <span class='ocrx_word' id='word_1_39' title='bbox 466 625 537 684; x_wconf 83' lang='lat' dir='ltr'><strong>viris</strong></span> <span class='ocrx_word' id='word_1_40' title='bbox 558 629 718 687; x_wconf 75' lang='lat' dir='ltr'><strong>concedere</strong></span> <span class='ocrx_word' id='word_1_41' title='bbox 738 631 849 688; x_wconf 91' lang='lat' dir='ltr'><strong>vellem.</strong></span> 
     </span>
     <span class='ocr_line' id='line_1_8' title="bbox 101 705 914 782; baseline 0.002 -16"><span class='ocrx_word' id='word_1_42' title='bbox 101 710 186 766; x_wconf 92' lang='lat' dir='ltr'><strong>‘Nec</strong></span> <span class='ocrx_word' id='word_1_43' title='bbox 206 707 280 777; x_wconf 89' lang='lat' dir='ltr'><strong>veni,</strong></span> <span class='ocrx_word' id='word_1_44' title='bbox 301 705 356 764; x_wconf 87' lang='lat' dir='ltr'><strong>nisi</strong></span> <span class='ocrx_word' id='word_1_45' title='bbox 376 707 435 762; x_wconf 89' lang='lat' dir='ltr'><strong>fata</strong></span> <span class='ocrx_word' id='word_1_46' title='bbox 454 705 552 762; x_wconf 90' lang='lat' dir='ltr'><strong>locum</strong></span> <span class='ocrx_word' id='word_1_47' title='bbox 572 707 730 780; x_wconf 89' lang='lat' dir='ltr'><strong>sedemque</strong></span> <span class='ocrx_word' id='word_1_48' title='bbox 750 707 896 768; x_wconf 88' lang='lat' dir='ltr'><strong>dedissent</strong></span> <span class='ocrx_word' id='word_1_49' title='bbox 906 733 914 782; x_wconf 74' lang='lat'><em>3</em></span> 
     </span>
    </p>
   </div>
   <div class='ocr_carea' id='block_1_3' title="bbox 100 786 1077 3338">
    <p class='ocr_par' dir='ltr' id='par_1_3' title="bbox 100 786 1077 3338">
     <span class='ocr_line' id='line_1_9' title="bbox 101 786 931 862; baseline 0.002 -19"><span class='ocrx_word' id='word_1_50' title='bbox 101 787 186 843; x_wconf 92' lang='lat' dir='ltr'><strong>‘Nec</strong></span> <span class='ocrx_word' id='word_1_51' title='bbox 206 786 314 843; x_wconf 91' lang='lat' dir='ltr'><strong>bellum</strong></span> <span class='ocrx_word' id='word_1_52' title='bbox 333 801 400 840; x_wconf 89' lang='lat' dir='ltr'><strong>cum</strong></span> <span class='ocrx_word' id='word_1_53' title='bbox 420 792 505 856; x_wconf 92' lang='lat' dir='ltr'><strong>gente</strong></span> <span class='ocrx_word' id='word_1_54' title='bbox 525 800 613 856; x_wconf 89' lang='lat' dir='ltr'><strong>gero:</strong></span> <span class='ocrx_word' id='word_1_55' title='bbox 632 802 682 840; x_wconf 89' lang='lat' dir='ltr'><strong>rex</strong></span> <span class='ocrx_word' id='word_1_56' title='bbox 702 796 800 842; x_wconf 89' lang='lat' dir='ltr'><strong>nostra</strong></span> <span class='ocrx_word' id='word_1_57' title='bbox 818 788 931 862; x_wconf 90' lang='lat' dir='ltr'><strong>reliquit</strong></span> 
     </span>
     <span class='ocr_line' id='line_1_10' title="bbox 100 859 851 938; baseline -0.004 -16"><span class='ocrx_word' id='word_1_58' title='bbox 100 863 268 938; x_wconf 88' lang='lat' dir='ltr'><strong>‘Hospitia‚</strong></span> <span class='ocrx_word' id='word_1_59' title='bbox 290 871 319 920; x_wconf 93' lang='lat' dir='ltr'><strong>et</strong></span> <span class='ocrx_word' id='word_1_60' title='bbox 338 862 428 918; x_wconf 90' lang='lat' dir='ltr'><strong>Turni</strong></span> <span class='ocrx_word' id='word_1_61' title='bbox 448 859 544 934; x_wconf 92' lang='lat' dir='ltr'><strong>potius</strong></span> <span class='ocrx_word' id='word_1_62' title='bbox 564 878 595 917; x_wconf 85' lang='lat' dir='ltr'><strong>se</strong></span> <span class='ocrx_word' id='word_1_63' title='bbox 615 861 737 919; x_wconf 90' lang='lat' dir='ltr'><strong>credidit</strong></span> <span class='ocrx_word' id='word_1_64' title='bbox 757 862 851 921; x_wconf 89' lang='lat' dir='ltr'><strong>armis.</strong></span> 
     </span>
     <span class='ocr_line' id='line_1_11' title="bbox 100 938 931 1017; baseline -0.002 -17"><span class='ocrx_word' id='word_1_65' title='bbox 100 940 251 1017; x_wconf 90' lang='lat' dir='ltr'><strong>‘Aequius</strong></span> <span class='ocrx_word' id='word_1_66' title='bbox 271 938 339 997; x_wconf 90' lang='lat' dir='ltr'><strong>huic</strong></span> <span class='ocrx_word' id='word_1_67' title='bbox 359 941 490 995; x_wconf 88' lang='lat' dir='ltr'><strong>Turnum</strong></span> <span class='ocrx_word' id='word_1_68' title='bbox 510 938 601 995; x_wconf 89' lang='lat' dir='ltr'><strong>fuerat</strong></span> <span class='ocrx_word' id='word_1_69' title='bbox 622 956 652 996; x_wconf 91' lang='lat' dir='ltr'><strong>se</strong></span> <span class='ocrx_word' id='word_1_70' title='bbox 672 957 820 1012; x_wconf 92' lang='lat' dir='ltr'><strong>opponere</strong></span> <span class='ocrx_word' id='word_1_71' title='bbox 840 941 931 1000; x_wconf 89' lang='lat' dir='ltr'><strong>morti.</strong></span> 
     </span>
     <span class='ocr_line' id='line_1_12' title="bbox 101 1015 816 1090; baseline -0.003 -12"><span class='ocrx_word' id='word_1_72' title='bbox 101 1021 149 1079; x_wconf 86' lang='lat' dir='ltr'><strong>‘Si</strong></span> <span class='ocrx_word' id='word_1_73' title='bbox 170 1020 279 1077; x_wconf 90' lang='lat' dir='ltr'><strong>bellum</strong></span> <span class='ocrx_word' id='word_1_74' title='bbox 299 1015 379 1074; x_wconf 88' lang='lat' dir='ltr'><strong>finire</strong></span> <span class='ocrx_word' id='word_1_75' title='bbox 401 1034 496 1084; x_wconf 90' lang='lat' dir='ltr'><strong>manu,</strong></span> <span class='ocrx_word' id='word_1_76' title='bbox 518 1015 541 1072; x_wconf 91' lang='lat' dir='ltr'><strong>si</strong></span> <span class='ocrx_word' id='word_1_77' title='bbox 561 1017 667 1090; x_wconf 90' lang='lat' dir='ltr'><strong>pellere</strong></span> <span class='ocrx_word' id='word_1_78' title='bbox 687 1018 816 1076; x_wconf 93' lang='lat' dir='ltr'><strong>Teucros</strong></span> 
     </span>
     <span class='ocr_line' id='line_1_13' title="bbox 103 1091 864 1172; baseline -0.003 -17"><span class='ocrx_word' id='word_1_79' title='bbox 103 1102 257 1172; x_wconf 76' lang='lat' dir='ltr'><strong>‘Apparet</strong></span> <span class='ocrx_word' id='word_1_80' title='bbox 278 1094 323 1152; x_wconf 91' lang='lat' dir='ltr'><strong>his</strong></span> <span class='ocrx_word' id='word_1_81' title='bbox 343 1112 457 1151; x_wconf 90' lang='lat' dir='ltr'><strong>mecum</strong></span> <span class='ocrx_word' id='word_1_82' title='bbox 478 1091 575 1150; x_wconf 88' lang='lat' dir='ltr'><strong>decuit</strong></span> <span class='ocrx_word' id='word_1_83' title='bbox 595 1111 763 1151; x_wconf 88' lang='lat' dir='ltr'><strong>concurrere</strong></span> <span class='ocrx_word' id='word_1_84' title='bbox 783 1096 864 1170; x_wconf 83' lang='lat' dir='ltr'><strong>telis;</strong></span> 
     </span>
     <span class='ocr_line' id='line_1_14' title="bbox 102 1171 897 1244; baseline -0.001 -11"><span class='ocrx_word' id='word_1_85' title='bbox 102 1177 215 1244; x_wconf 88' lang='lat' dir='ltr'><strong>‘Vixet‚</strong></span> <span class='ocrx_word' id='word_1_86' title='bbox 237 1172 284 1230; x_wconf 91' lang='lat' dir='ltr'><strong>cui</strong></span> <span class='ocrx_word' id='word_1_87' title='bbox 303 1171 390 1230; x_wconf 86' lang='lat' dir='ltr'><strong>vitam</strong></span> <span class='ocrx_word' id='word_1_88' title='bbox 411 1172 482 1229; x_wconf 89' lang='lat' dir='ltr'><strong>deus</strong></span> <span class='ocrx_word' id='word_1_89' title='bbox 503 1180 552 1227; x_wconf 89' lang='lat' dir='ltr'><strong>aut</strong></span> <span class='ocrx_word' id='word_1_90' title='bbox 572 1188 624 1227; x_wconf 90' lang='lat' dir='ltr'><strong>sua</strong></span> <span class='ocrx_word' id='word_1_91' title='bbox 643 1171 744 1228; x_wconf 89' lang='lat' dir='ltr'><strong>dextra</strong></span> <span class='ocrx_word' id='word_1_92' title='bbox 763 1171 897 1232; x_wconf 86' lang='lat' dir='ltr'><strong>dedisset.</strong></span> 
     </span>
     <span class='ocr_line' id='line_1_15' title="bbox 102 1247 895 1324; baseline -0.003 -14"><span class='ocrx_word' id='word_1_93' title='bbox 102 1255 210 1310; x_wconf 89' lang='lat' dir='ltr'><strong>‘Nunc</strong></span> <span class='ocrx_word' id='word_1_94' title='bbox 230 1251 278 1320; x_wconf 92' lang='lat' dir='ltr'><strong>ite,</strong></span> <span class='ocrx_word' id='word_1_95' title='bbox 300 1257 329 1307; x_wconf 92' lang='lat' dir='ltr'><strong>et</strong></span> <span class='ocrx_word' id='word_1_96' title='bbox 348 1247 458 1307; x_wconf 89' lang='lat' dir='ltr'><strong>miseris</strong></span> <span class='ocrx_word' id='word_1_97' title='bbox 478 1247 631 1321; x_wconf 89' lang='lat' dir='ltr'><strong>supponite</strong></span> <span class='ocrx_word' id='word_1_98' title='bbox 651 1247 760 1306; x_wconf 90' lang='lat' dir='ltr'><strong>civibus</strong></span> <span class='ocrx_word' id='word_1_99' title='bbox 781 1249 895 1324; x_wconf 68' lang='lat' dir='ltr'><strong>ignem!</strong></span> 
     </span>
     <span class='ocr_line' id='line_1_16' title="bbox 101 1325 794 1398; baseline -0.009 -10"><span class='ocrx_word' id='word_1_100' title='bbox 101 1331 224 1388; x_wconf 85' lang='lat' dir='ltr'><strong>Dixerat</strong></span> <span class='ocrx_word' id='word_1_101' title='bbox 243 1331 366 1388; x_wconf 83' lang='lat' dir='ltr'><strong>Aeneas.</strong></span> <span class='ocrx_word' id='word_1_102' title='bbox 408 1325 456 1383; x_wconf 90' lang='lat' dir='ltr'><strong>llli</strong></span> <span class='ocrx_word' id='word_1_103' title='bbox 476 1325 639 1398; x_wconf 84' lang='lat' dir='ltr'><strong>obstipuere</strong></span> <span class='ocrx_word' id='word_1_104' title='bbox 661 1325 794 1398; x_wconf 89' lang='lat' dir='ltr'><strong>silentes;</strong></span> 
     </span>
     <span class='ocr_line' id='line_1_17' title="bbox 101 1403 911 1478; baseline -0.005 -11"><span class='ocrx_word' id='word_1_105' title='bbox 101 1406 303 1478; x_wconf 85' lang='lat' dir='ltr'><strong>Conversique</strong></span> <span class='ocrx_word' id='word_1_106' title='bbox 323 1405 423 1463; x_wconf 90' lang='lat' dir='ltr'><strong>oculos</strong></span> <span class='ocrx_word' id='word_1_107' title='bbox 443 1403 518 1460; x_wconf 87' lang='lat' dir='ltr'><strong>inter</strong></span> <span class='ocrx_word' id='word_1_108' title='bbox 537 1420 568 1459; x_wconf 91' lang='lat' dir='ltr'><strong>se</strong></span> <span class='ocrx_word' id='word_1_109' title='bbox 589 1413 676 1476; x_wconf 91' lang='lat' dir='ltr'><strong>atque</strong></span> <span class='ocrx_word' id='word_1_110' title='bbox 696 1422 747 1461; x_wconf 89' lang='lat' dir='ltr'><strong>ora</strong></span> <span class='ocrx_word' id='word_1_111' title='bbox 767 1408 911 1464; x_wconf 90' lang='lat' dir='ltr'><strong>tenebant.</strong></span> 
     </span>
     <span class='ocr_line' id='line_1_18' title="bbox 100 1479 916 1555; baseline -0.002 -12"><span class='ocrx_word' id='word_1_112' title='bbox 100 1489 180 1544; x_wconf 90' lang='lat' dir='ltr'><strong>Tum</strong></span> <span class='ocrx_word' id='word_1_113' title='bbox 202 1483 296 1541; x_wconf 90' lang='lat' dir='ltr'><strong>senior</strong></span> <span class='ocrx_word' id='word_1_114' title='bbox 316 1499 484 1555; x_wconf 89' lang='lat' dir='ltr'><strong>semperque</strong></span> <span class='ocrx_word' id='word_1_115' title='bbox 505 1479 579 1537; x_wconf 91' lang='lat' dir='ltr'><strong>odiis</strong></span> <span class='ocrx_word' id='word_1_116' title='bbox 599 1489 628 1537; x_wconf 88' lang='lat' dir='ltr'><strong>et</strong></span> <span class='ocrx_word' id='word_1_117' title='bbox 648 1479 766 1538; x_wconf 90' lang='lat' dir='ltr'><strong>crimine</strong></span> <span class='ocrx_word' id='word_1_118' title='bbox 788 1484 916 1542; x_wconf 88' lang='lat' dir='ltr'><strong>Drances</strong></span> 
     </span>
     <span class='ocr_line' id='line_1_19' title="bbox 102 1557 755 1620; baseline -0.006 0"><span class='ocrx_word' id='word_1_119' title='bbox 102 1564 242 1620; x_wconf 91' lang='lat' dir='ltr'><strong>Infensus</strong></span> <span class='ocrx_word' id='word_1_120' title='bbox 262 1558 359 1617; x_wconf 89' lang='lat' dir='ltr'><strong>iuveni</strong></span> <span class='ocrx_word' id='word_1_121' title='bbox 379 1561 478 1616; x_wconf 87' lang='lat' dir='ltr'><strong>Turno</strong></span> <span class='ocrx_word' id='word_1_122' title='bbox 499 1557 541 1614; x_wconf 91' lang='lat' dir='ltr'><strong>sic</strong></span> <span class='ocrx_word' id='word_1_123' title='bbox 561 1575 610 1614; x_wconf 90' lang='lat' dir='ltr'><strong>ore</strong></span> <span class='ocrx_word' id='word_1_124' title='bbox 630 1557 755 1616; x_wconf 91' lang='lat' dir='ltr'><strong>vicissim</strong></span> 
     </span>
     <span class='ocr_line' id='line_1_20' title="bbox 100 1633 868 1710; baseline -0.007 -10"><span class='ocrx_word' id='word_1_125' title='bbox 100 1643 180 1700; x_wconf 86' lang='lat' dir='ltr'><strong>Orsa</strong></span> <span class='ocrx_word' id='word_1_126' title='bbox 199 1639 284 1697; x_wconf 90' lang='lat' dir='ltr'><strong>refert</strong></span> <span class='ocrx_word' id='word_1_127' title='bbox 293 1660 303 1710; x_wconf 68' lang='grc' dir='ltr'><strong>ς</strong></span> <span class='ocrx_word' id='word_1_128' title='bbox 322 1639 367 1696; x_wconf 86' lang='lat' dir='ltr'><strong>‘O</strong></span> <span class='ocrx_word' id='word_1_129' title='bbox 388 1637 465 1692; x_wconf 90' lang='lat' dir='ltr'><strong>fama</strong></span> <span class='ocrx_word' id='word_1_130' title='bbox 484 1634 594 1708; x_wconf 86' lang='lat' dir='ltr'><strong>ingens,</strong></span> <span class='ocrx_word' id='word_1_131' title='bbox 613 1633 757 1709; x_wconf 86' lang='lat' dir='ltr'><strong>ingentior</strong></span> <span class='ocrx_word' id='word_1_132' title='bbox 775 1638 868 1708; x_wconf 87' lang='lat' dir='ltr'><strong>armis,</strong></span> 
     </span>
     <span class='ocr_line' id='line_1_21' title="bbox 102 1713 920 1789; baseline 0.001 -15"><span class='ocrx_word' id='word_1_133' title='bbox 102 1717 175 1774; x_wconf 86' lang='lat' dir='ltr'><strong>‘Vir</strong></span> <span class='ocrx_word' id='word_1_134' title='bbox 194 1715 327 1784; x_wconf 88' lang='lat' dir='ltr'><strong>Troiane,</strong></span> <span class='ocrx_word' id='word_1_135' title='bbox 349 1713 454 1787; x_wconf 91' lang='lat' dir='ltr'><strong>quibus</strong></span> <span class='ocrx_word' id='word_1_136' title='bbox 474 1713 555 1769; x_wconf 87' lang='lat' dir='ltr'><strong>caelo</strong></span> <span class='ocrx_word' id='word_1_137' title='bbox 575 1721 604 1770; x_wconf 90' lang='lat' dir='ltr'><strong>te</strong></span> <span class='ocrx_word' id='word_1_138' title='bbox 623 1713 756 1771; x_wconf 89' lang='lat' dir='ltr'><strong>laudibus</strong></span> <span class='ocrx_word' id='word_1_139' title='bbox 775 1721 920 1789; x_wconf 86' lang='lat' dir='ltr'><strong>aequem?</strong></span> 
     </span>
     <span class='ocr_line' id='line_1_22' title="bbox 102 1789 802 1866; baseline -0.006 -13"><span class='ocrx_word' id='word_1_140' title='bbox 102 1793 294 1853; x_wconf 89' lang='lat' dir='ltr'><strong>‘Iustitiaene</strong></span> <span class='ocrx_word' id='word_1_141' title='bbox 314 1792 391 1866; x_wconf 89' lang='lat' dir='ltr'><strong>prius</strong></span> <span class='ocrx_word' id='word_1_142' title='bbox 411 1790 503 1859; x_wconf 91' lang='lat' dir='ltr'><strong>mirer,</strong></span> <span class='ocrx_word' id='word_1_143' title='bbox 525 1789 630 1846; x_wconf 90' lang='lat' dir='ltr'><strong>belline</strong></span> <span class='ocrx_word' id='word_1_144' title='bbox 649 1792 802 1849; x_wconf 85' lang='lat' dir='ltr'><strong>labomm?</strong></span> 
     </span>
     <span class='ocr_line' id='line_1_23' title="bbox 101 1866 972 1942; baseline -0.001 -12"><span class='ocrx_word' id='word_1_145' title='bbox 101 1875 187 1930; x_wconf 92' lang='lat' dir='ltr'><strong>‘Nos</strong></span> <span class='ocrx_word' id='word_1_146' title='bbox 207 1888 275 1929; x_wconf 87' lang='lat' dir='ltr'><strong>vero</strong></span> <span class='ocrx_word' id='word_1_147' title='bbox 296 1870 368 1926; x_wconf 89' lang='lat' dir='ltr'><strong>haec</strong></span> <span class='ocrx_word' id='word_1_148' title='bbox 388 1867 508 1941; x_wconf 90' lang='lat' dir='ltr'><strong>patriam</strong></span> <span class='ocrx_word' id='word_1_149' title='bbox 529 1866 601 1940; x_wconf 89' lang='lat' dir='ltr'><strong>grati</strong></span> <span class='ocrx_word' id='word_1_150' title='bbox 620 1869 775 1924; x_wconf 89' lang='lat' dir='ltr'><strong>referemus</strong></span> <span class='ocrx_word' id='word_1_151' title='bbox 795 1869 833 1924; x_wconf 91' lang='lat' dir='ltr'><strong>ad</strong></span> <span class='ocrx_word' id='word_1_152' title='bbox 854 1872 972 1942; x_wconf 82' lang='lat' dir='ltr'><strong>urbem3</strong></span> 
     </span>
     <span class='ocr_line' id='line_1_24' title="bbox 101 1943 841 2020; baseline -0.008 -11"><span class='ocrx_word' id='word_1_153' title='bbox 101 1953 162 2008; x_wconf 89' lang='lat' dir='ltr'><strong>‘Et</strong></span> <span class='ocrx_word' id='word_1_154' title='bbox 182 1959 219 2018; x_wconf 87' lang='lat' dir='ltr'><strong>te,</strong></span> <span class='ocrx_word' id='word_1_155' title='bbox 241 1946 265 2004; x_wconf 92' lang='lat' dir='ltr'><strong>si</strong></span> <span class='ocrx_word' id='word_1_156' title='bbox 286 1965 344 2020; x_wconf 86' lang='lat' dir='ltr'><strong>qua</strong></span> <span class='ocrx_word' id='word_1_157' title='bbox 362 1945 439 2002; x_wconf 86' lang='lat' dir='ltr'><strong>viam</strong></span> <span class='ocrx_word' id='word_1_158' title='bbox 460 1943 572 2002; x_wconf 87' lang='lat' dir='ltr'><strong>dederit</strong></span> <span class='ocrx_word' id='word_1_159' title='bbox 591 1945 714 2013; x_wconf 90' lang='lat' dir='ltr'><strong>fortuna,</strong></span> <span class='ocrx_word' id='word_1_160' title='bbox 737 1945 841 2003; x_wconf 88' lang='lat' dir='ltr'><strong>Latino</strong></span> 
     </span>
     <span class='ocr_line' id='line_1_25' title="bbox 102 2021 896 2100; baseline -0.004 -16"><span class='ocrx_word' id='word_1_161' title='bbox 102 2030 285 2100; x_wconf 90' lang='lat' dir='ltr'><strong>‘Iungemus</strong></span> <span class='ocrx_word' id='word_1_162' title='bbox 305 2023 372 2098; x_wconf 89' lang='lat' dir='ltr'><strong>regi.</strong></span> <span class='ocrx_word' id='word_1_163' title='bbox 415 2023 543 2095; x_wconf 88' lang='lat' dir='ltr'><strong>Quaerat</strong></span> <span class='ocrx_word' id='word_1_164' title='bbox 563 2021 618 2078; x_wconf 91' lang='lat' dir='ltr'><strong>sibi</strong></span> <span class='ocrx_word' id='word_1_165' title='bbox 638 2022 754 2078; x_wconf 86' lang='lat' dir='ltr'><strong>foedera</strong></span> <span class='ocrx_word' id='word_1_166' title='bbox 774 2024 896 2082; x_wconf 79' lang='lat' dir='ltr'><strong>Turnus,</strong></span> 
     </span>
     <span class='ocr_line' id='line_1_26' title="bbox 104 2100 812 2176; baseline -0.006 -15"><span class='ocrx_word' id='word_1_167' title='bbox 104 2104 206 2176; x_wconf 90' lang='lat' dir='ltr'><strong>‘Quin</strong></span> <span class='ocrx_word' id='word_1_168' title='bbox 226 2112 255 2160; x_wconf 91' lang='lat' dir='ltr'><strong>et</strong></span> <span class='ocrx_word' id='word_1_169' title='bbox 275 2103 375 2158; x_wconf 82' lang='lat' dir='ltr'><strong>fatales</strong></span> <span class='ocrx_word' id='word_1_170' title='bbox 395 2117 541 2156; x_wconf 91' lang='lat' dir='ltr'><strong>murorum</strong></span> <span class='ocrx_word' id='word_1_171' title='bbox 562 2100 691 2156; x_wconf 86' lang='lat' dir='ltr'><strong>attollere</strong></span> <span class='ocrx_word' id='word_1_172' title='bbox 712 2100 812 2171; x_wconf 92' lang='lat' dir='ltr'><strong>moles,</strong></span> 
     </span>
     <span class='ocr_line' id='line_1_27' title="bbox 104 2175 881 2254; baseline -0.003 -16"><span class='ocrx_word' id='word_1_173' title='bbox 104 2184 257 2254; x_wconf 89' lang='lat' dir='ltr'><strong>‘Saxaque</strong></span> <span class='ocrx_word' id='word_1_174' title='bbox 278 2181 444 2236; x_wconf 88' lang='lat' dir='ltr'><strong>subvectare</strong></span> <span class='ocrx_word' id='word_1_175' title='bbox 465 2176 590 2233; x_wconf 89' lang='lat' dir='ltr'><strong>humeris</strong></span> <span class='ocrx_word' id='word_1_176' title='bbox 610 2175 736 2233; x_wconf 86' lang='lat' dir='ltr'><strong>Troiana</strong></span> <span class='ocrx_word' id='word_1_177' title='bbox 755 2177 881 2236; x_wconf 66' lang='lat' dir='ltr'><strong>iuvabit!</strong></span> 
     </span>
     <span class='ocr_line' id='line_1_28' title="bbox 104 2255 956 2328; baseline -0.002 -11"><span class='ocrx_word' id='word_1_178' title='bbox 104 2259 227 2317; x_wconf 88' lang='lat' dir='ltr'><strong>Dixerat</strong></span> <span class='ocrx_word' id='word_1_179' title='bbox 240 2257 320 2322; x_wconf 90' lang='lat' dir='ltr'><strong>haec,</strong></span> <span class='ocrx_word' id='word_1_180' title='bbox 341 2273 459 2328; x_wconf 89' lang='lat' dir='ltr'><strong>unoque</strong></span> <span class='ocrx_word' id='word_1_181' title='bbox 479 2271 579 2311; x_wconf 90' lang='lat' dir='ltr'><strong>omnes</strong></span> <span class='ocrx_word' id='word_1_182' title='bbox 601 2255 701 2311; x_wconf 89' lang='lat' dir='ltr'><strong>eadem</strong></span> <span class='ocrx_word' id='word_1_183' title='bbox 722 2274 771 2313; x_wconf 92' lang='lat' dir='ltr'><strong>ore</strong></span> <span class='ocrx_word' id='word_1_184' title='bbox 790 2257 956 2315; x_wconf 90' lang='lat' dir='ltr'><strong>fremebant.</strong></span> 
     </span>
     <span class='ocr_line' id='line_1_29' title="bbox 105 2331 816 2408; baseline -0.003 -14"><span class='ocrx_word' id='word_1_185' title='bbox 105 2335 157 2394; x_wconf 88' lang='lat' dir='ltr'><strong>Bis</strong></span> <span class='ocrx_word' id='word_1_186' title='bbox 177 2353 263 2393; x_wconf 90' lang='lat' dir='ltr'><strong>senos</strong></span> <span class='ocrx_word' id='word_1_187' title='bbox 283 2333 416 2408; x_wconf 86' lang='lat' dir='ltr'><strong>pepigere</strong></span> <span class='ocrx_word' id='word_1_188' title='bbox 437 2331 507 2402; x_wconf 86' lang='lat' dir='ltr'><strong>dies,</strong></span> <span class='ocrx_word' id='word_1_189' title='bbox 529 2341 557 2388; x_wconf 93' lang='lat' dir='ltr'><strong>et</strong></span> <span class='ocrx_word' id='word_1_190' title='bbox 577 2349 649 2405; x_wconf 90' lang='lat' dir='ltr'><strong>pace</strong></span> <span class='ocrx_word' id='word_1_191' title='bbox 670 2344 816 2406; x_wconf 89' lang='lat' dir='ltr'><strong>sequestra</strong></span> 
     </span>
     <span class='ocr_line' id='line_1_30' title="bbox 106 2408 796 2483; baseline -0.004 -12"><span class='ocrx_word' id='word_1_192' title='bbox 106 2417 164 2471; x_wconf 93' lang='lat' dir='ltr'><strong>Per</strong></span> <span class='ocrx_word' id='word_1_193' title='bbox 184 2412 268 2469; x_wconf 91' lang='lat' dir='ltr'><strong>silvas</strong></span> <span class='ocrx_word' id='word_1_194' title='bbox 288 2408 394 2467; x_wconf 90' lang='lat' dir='ltr'><strong>Teucri</strong></span> <span class='ocrx_word' id='word_1_195' title='bbox 414 2408 553 2481; x_wconf 88' lang='lat' dir='ltr'><strong>mixtique</strong></span> <span class='ocrx_word' id='word_1_196' title='bbox 573 2408 680 2483; x_wconf 90' lang='lat' dir='ltr'><strong>inpune</strong></span> <span class='ocrx_word' id='word_1_197' title='bbox 703 2410 796 2468; x_wconf 90' lang='lat' dir='ltr'><strong>Latini</strong></span> 
     </span>
     <span class='ocr_line' id='line_1_31' title="bbox 106 2487 796 2562; baseline -0.004 -14"><span class='ocrx_word' id='word_1_198' title='bbox 106 2494 246 2549; x_wconf 88' lang='lat' dir='ltr'><strong>Erravere</strong></span> <span class='ocrx_word' id='word_1_199' title='bbox 266 2487 347 2562; x_wconf 90' lang='lat' dir='ltr'><strong>iugis.</strong></span> <span class='ocrx_word' id='word_1_200' title='bbox 390 2488 477 2544; x_wconf 89' lang='lat' dir='ltr'><strong>Ferro</strong></span> <span class='ocrx_word' id='word_1_201' title='bbox 498 2496 581 2543; x_wconf 89' lang='lat' dir='ltr'><strong>sonat</strong></span> <span class='ocrx_word' id='word_1_202' title='bbox 601 2488 659 2544; x_wconf 91' lang='lat' dir='ltr'><strong>alta</strong></span> <span class='ocrx_word' id='word_1_203' title='bbox 679 2487 796 2561; x_wconf 89' lang='lat' dir='ltr'><strong>bipenni</strong></span> 
     </span>
     <span class='ocr_line' id='line_1_32' title="bbox 108 2564 811 2638; baseline -0.004 -12"><span class='ocrx_word' id='word_1_204' title='bbox 108 2566 248 2626; x_wconf 87' lang='lat' dir='ltr'><strong>Fraxinus</strong></span> <span class='ocrx_word' id='word_1_205' title='bbox 258 2587 266 2636; x_wconf 91' lang='lat'>;</span> <span class='ocrx_word' id='word_1_206' title='bbox 286 2574 418 2623; x_wconf 89' lang='lat' dir='ltr'><strong>evertunt</strong></span> <span class='ocrx_word' id='word_1_207' title='bbox 438 2573 518 2620; x_wconf 88' lang='lat' dir='ltr'><strong>actas</strong></span> <span class='ocrx_word' id='word_1_208' title='bbox 538 2564 575 2620; x_wconf 90' lang='lat' dir='ltr'><strong>ad</strong></span> <span class='ocrx_word' id='word_1_209' title='bbox 597 2564 690 2623; x_wconf 91' lang='lat' dir='ltr'><strong>sidera</strong></span> <span class='ocrx_word' id='word_1_210' title='bbox 709 2566 811 2638; x_wconf 89' lang='lat' dir='ltr'><strong>pinus;</strong></span> 
     </span>
     <span class='ocr_line' id='line_1_33' title="bbox 109 2641 918 2716; baseline -0.002 -14"><span class='ocrx_word' id='word_1_211' title='bbox 109 2646 231 2702; x_wconf 91' lang='lat' dir='ltr'><strong>Robora</strong></span> <span class='ocrx_word' id='word_1_212' title='bbox 251 2661 306 2700; x_wconf 91' lang='lat' dir='ltr'><strong>nec</strong></span> <span class='ocrx_word' id='word_1_213' title='bbox 326 2641 425 2699; x_wconf 89' lang='lat' dir='ltr'><strong>cuneis</strong></span> <span class='ocrx_word' id='word_1_214' title='bbox 447 2651 476 2698; x_wconf 95' lang='lat' dir='ltr'><strong>et</strong></span> <span class='ocrx_word' id='word_1_215' title='bbox 496 2642 623 2698; x_wconf 91' lang='lat' dir='ltr'><strong>olentem</strong></span> <span class='ocrx_word' id='word_1_216' title='bbox 644 2643 773 2700; x_wconf 88' lang='lat' dir='ltr'><strong>scindere</strong></span> <span class='ocrx_word' id='word_1_217' title='bbox 793 2645 918 2716; x_wconf 84' lang='lat' dir='ltr'><strong>cedrum,</strong></span> 
     </span>
     <span class='ocr_line' id='line_1_34' title="bbox 108 2719 908 2796; baseline -0.003 -15"><span class='ocrx_word' id='word_1_218' title='bbox 108 2724 175 2782; x_wconf 91' lang='lat' dir='ltr'><strong>Nec</strong></span> <span class='ocrx_word' id='word_1_219' title='bbox 193 2719 327 2796; x_wconf 87' lang='lat' dir='ltr'><strong>plaustris</strong></span> <span class='ocrx_word' id='word_1_220' title='bbox 347 2729 462 2776; x_wconf 89' lang='lat' dir='ltr'><strong>cessant</strong></span> <span class='ocrx_word' id='word_1_221' title='bbox 481 2729 596 2775; x_wconf 89' lang='lat' dir='ltr'><strong>vectare</strong></span> <span class='ocrx_word' id='word_1_222' title='bbox 616 2720 795 2792; x_wconf 86' lang='lat' dir='ltr'><strong>gementibus</strong></span> <span class='ocrx_word' id='word_1_223' title='bbox 816 2740 908 2779; x_wconf 79' lang='lat' dir='ltr'><strong>ornos,</strong></span> 
     </span>
     <span class='ocr_line' id='line_1_35' title="bbox 150 2795 912 2870; baseline 0 -14"><span class='ocrx_word' id='word_1_224' title='bbox 150 2799 267 2856; x_wconf 91' lang='lat' dir='ltr'><strong>Etiam</strong></span> <span class='ocrx_word' id='word_1_225' title='bbox 288 2799 378 2854; x_wconf 89' lang='lat' dir='ltr'><strong>Fama</strong></span> <span class='ocrx_word' id='word_1_226' title='bbox 399 2797 508 2864; x_wconf 87' lang='lat' dir='ltr'><strong>volans,</strong></span> <span class='ocrx_word' id='word_1_227' title='bbox 530 2795 602 2853; x_wconf 90' lang='lat' dir='ltr'><strong>tanti</strong></span> <span class='ocrx_word' id='word_1_228' title='bbox 622 2797 792 2870; x_wconf 89' lang='lat' dir='ltr'><strong>praenuntia</strong></span> <span class='ocrx_word' id='word_1_229' title='bbox 811 2800 912 2870; x_wconf 91' lang='lat' dir='ltr'><strong>luctus,</strong></span> 
     </span>
     <span class='ocr_line' id='line_1_36' title="bbox 109 2872 1077 2950; baseline -0.002 -14"><span class='ocrx_word' id='word_1_230' title='bbox 109 2877 280 2936; x_wconf 89' lang='lat' dir='ltr'><strong>Euandrum</strong></span> <span class='ocrx_word' id='word_1_231' title='bbox 301 2872 492 2948; x_wconf 86' lang='lat' dir='ltr'><strong>Euandrique</strong></span> <span class='ocrx_word' id='word_1_232' title='bbox 509 2873 612 2931; x_wconf 90' lang='lat' dir='ltr'><strong>domos</strong></span> <span class='ocrx_word' id='word_1_233' title='bbox 632 2885 661 2930; x_wconf 92' lang='lat' dir='ltr'><strong>et</strong></span> <span class='ocrx_word' id='word_1_234' title='bbox 680 2875 795 2931; x_wconf 88' lang='lat' dir='ltr'><strong>moenia</strong></span> <span class='ocrx_word' id='word_1_235' title='bbox 814 2877 912 2950; x_wconf 88' lang='lat' dir='ltr'><strong>replet,</strong></span> <span class='ocrx_word' id='word_1_236' title='bbox 1024 2896 1077 2947; x_wconf 86' lang='lat'><strong>140</strong></span> 
     </span>
     <span class='ocr_line' id='line_1_37' title="bbox 109 2951 856 3027; baseline -0.003 -15"><span class='ocrx_word' id='word_1_237' title='bbox 109 2956 194 3027; x_wconf 91' lang='lat' dir='ltr'><strong>Quae</strong></span> <span class='ocrx_word' id='word_1_238' title='bbox 214 2953 304 3011; x_wconf 91' lang='lat' dir='ltr'><strong>modo</strong></span> <span class='ocrx_word' id='word_1_239' title='bbox 324 2951 464 3008; x_wconf 87' lang='lat' dir='ltr'><strong>victorem</strong></span> <span class='ocrx_word' id='word_1_240' title='bbox 485 2951 569 3009; x_wconf 91' lang='lat' dir='ltr'><strong>Latio</strong></span> <span class='ocrx_word' id='word_1_241' title='bbox 590 2953 722 3008; x_wconf 87' lang='lat' dir='ltr'><strong>Pallanta</strong></span> <span class='ocrx_word' id='word_1_242' title='bbox 740 2954 856 3010; x_wconf 88' lang='lat' dir='ltr'><strong>ferebat.</strong></span> 
     </span>
     <span class='ocr_line' id='line_1_38' title="bbox 108 3030 863 3103; baseline -0.003 -13"><span class='ocrx_word' id='word_1_243' title='bbox 108 3032 239 3090; x_wconf 86' lang='lat' dir='ltr'><strong>Arcades</strong></span> <span class='ocrx_word' id='word_1_244' title='bbox 258 3030 297 3087; x_wconf 92' lang='lat' dir='ltr'><strong>ad</strong></span> <span class='ocrx_word' id='word_1_245' title='bbox 318 3039 416 3103; x_wconf 89' lang='lat' dir='ltr'><strong>portas</strong></span> <span class='ocrx_word' id='word_1_246' title='bbox 436 3046 525 3100; x_wconf 89' lang='lat' dir='ltr'><strong>mere,</strong></span> <span class='ocrx_word' id='word_1_247' title='bbox 547 3038 576 3086; x_wconf 90' lang='lat' dir='ltr'><strong>et</strong></span> <span class='ocrx_word' id='word_1_248' title='bbox 596 3030 633 3087; x_wconf 92' lang='lat' dir='ltr'><strong>de</strong></span> <span class='ocrx_word' id='word_1_249' title='bbox 652 3047 732 3086; x_wconf 92' lang='lat' dir='ltr'><strong>more</strong></span> <span class='ocrx_word' id='word_1_250' title='bbox 751 3041 863 3088; x_wconf 87' lang='lat' dir='ltr'><strong>vetusto</strong></span> 
     </span>
     <span class='ocr_line' id='line_1_39' title="bbox 110 3106 807 3182; baseline -0.004 -14"><span class='ocrx_word' id='word_1_251' title='bbox 110 3113 257 3168; x_wconf 89' lang='lat' dir='ltr'><strong>Funereas</strong></span> <span class='ocrx_word' id='word_1_252' title='bbox 277 3124 397 3180; x_wconf 88' lang='lat' dir='ltr'><strong>rapuere</strong></span> <span class='ocrx_word' id='word_1_253' title='bbox 418 3106 501 3163; x_wconf 90' lang='lat' dir='ltr'><strong>faces.</strong></span> <span class='ocrx_word' id='word_1_254' title='bbox 543 3108 635 3164; x_wconf 91' lang='lat' dir='ltr'><strong>Lucet</strong></span> <span class='ocrx_word' id='word_1_255' title='bbox 654 3106 701 3163; x_wconf 88' lang='lat' dir='ltr'><strong>via</strong></span> <span class='ocrx_word' id='word_1_256' title='bbox 719 3107 807 3182; x_wconf 89' lang='lat' dir='ltr'><strong>longo</strong></span> 
     </span>
     <span class='ocr_line' id='line_1_40' title="bbox 111 3183 864 3259; baseline -0.003 -14"><span class='ocrx_word' id='word_1_257' title='bbox 111 3185 223 3246; x_wconf 87' lang='lat' dir='ltr'><strong>Ordine</strong></span> <span class='ocrx_word' id='word_1_258' title='bbox 244 3186 433 3252; x_wconf 91' lang='lat' dir='ltr'><strong>flammarum,</strong></span> <span class='ocrx_word' id='word_1_259' title='bbox 456 3193 484 3240; x_wconf 88' lang='lat' dir='ltr'><strong>et</strong></span> <span class='ocrx_word' id='word_1_260' title='bbox 504 3184 560 3241; x_wconf 89' lang='lat' dir='ltr'><strong>late</strong></span> <span class='ocrx_word' id='word_1_261' title='bbox 581 3183 758 3242; x_wconf 89' lang='lat' dir='ltr'><strong>discriminat</strong></span> <span class='ocrx_word' id='word_1_262' title='bbox 777 3203 864 3259; x_wconf 90' lang='lat' dir='ltr'><strong>agros.</strong></span> 
     </span>
     <span class='ocr_line' id='line_1_41' title="bbox 111 3261 1077 3338; baseline -0.006 -14"><span class='ocrx_word' id='word_1_263' title='bbox 111 3265 223 3325; x_wconf 85' lang='lat' dir='ltr'><strong>Contra</strong></span> <span class='ocrx_word' id='word_1_264' title='bbox 244 3263 329 3320; x_wconf 88' lang='lat' dir='ltr'><strong>turba</strong></span> <span class='ocrx_word' id='word_1_265' title='bbox 347 3263 493 3338; x_wconf 81' lang='lat' dir='ltr'><strong>Phrygum</strong></span> <span class='ocrx_word' id='word_1_266' title='bbox 512 3261 631 3318; x_wconf 76' lang='lat' dir='ltr'><strong>veniens</strong></span> <span class='ocrx_word' id='word_1_267' title='bbox 651 3262 815 3336; x_wconf 88' lang='lat' dir='ltr'><strong>plangentia</strong></span> <span class='ocrx_word' id='word_1_268' title='bbox 834 3263 955 3336; x_wconf 90' lang='lat' dir='ltr'><strong>iungunt</strong></span> <span class='ocrx_word' id='word_1_269' title='bbox 1024 3280 1077 3336; x_wconf 80' lang='lat'><strong>¹45</strong></span> 
     </span>
    </p>
   </div>
   <div class='ocr_carea' id='block_1_4' title="bbox 897 3387 993 3437">
    <p class='ocr_par' dir='ltr' id='par_1_4' title="bbox 897 3387 993 3437">
     <span class='ocr_line' id='line_1_42' title="bbox 897 3387 993 3437; baseline 0.031 -14"><span class='ocrx_word' id='word_1_270' title='bbox 897 3387 993 3437; x_wconf 67' lang='lat' dir='ltr'><strong>ari-a</strong></span> 
     </span>
    </p>
   </div>
   <div class='ocr_carea' id='block_1_5' title="bbox 0 0 1241 3686">
    <p class='ocr_par' dir='ltr' id='par_1_5' title="bbox 0 0 1241 3686">
     <span class='ocr_line' id='line_1_43' title="bbox 0 0 1241 3686; baseline 0 0"><span class='ocrx_word' id='word_1_271' title='bbox 0 0 1241 3686; x_wconf 95' lang='lat' dir='ltr'><strong> </strong></span> 
     </span>
    </p>
   </div>
  </div>
 </body>
</html>
