2460 3686
155 108 212 164 244
397 86 435 146 P.
472 86 664 148 Vererer
684 63 897 148 rrnroius

149 213 249 274 Tertia
272 216 353 276 dona
376 215 447 275 lacit
470 216 605 293 geminos
630 237 667 277 ex
689 236 755 276 aere
778 217 901 289 lebetas,

151 295 335 372 Cymbiaque
359 306 482 372 argento
497 299 636 388 perfecta
658 308 748 373 atque
772 317 876 374 aspera
898 297 1027 375 signis

151 379 276 452 Iamque
300 376 377 436 adeo
402 374 506 437 donati
528 397 632 438 omnes
656 379 825 469 opibusque
847 378 968 454 superbi

151 456 289 516 Puniceis
314 457 398 517 ibant
421 457 530 517 evincti
552 468 697 549 tempora·
709 459 825 518 taenis:

152 539 229 598 Cum
254 556 342 597 saevo
367 557 384 598 e
407 540 532 613 scopulo
556 540 650 598 multa
670 537 719 598 vix
740 550 801 598 arte
823 540 963 612 revolsus,
1097 555 1150 612 270

151 617 275 677 Amissis
299 618 395 688 remis,
418 628 507 694 atque
531 619 635 678 ordine
660 619 767 678 debilis
788 638 857 691 uno,

152 699 277 757 Inrisam
300 699 362 757 sine
384 700 497 758 honore
521 711 614 759 ratem
638 700 789 790 Sergestus
812 699 925 775 agebat.

153 778 256 852 Qualis
279 797 368 855 saepe
391 778 456 839 viae
481 778 676 856 deprensus
667 799 699 839 rn
723 799 829 870 aggere
853 799 986 856 serpens

151 863 247 920 Aerea
270 878 360 935 quem
382 859 537 936 obliquum
559 872 623 919 rota
647 859 768 934 transiit,
793 871 845 919 aut
866 858 963 936 gravis
988 859 1055 919 ictu

152 940 336 1000 Seminecem
357 939 444 1015 liquit
467 959 537 1000 saxo
558 941 747 1014 lacemmque
768 940 879 1012 viator3
1099 955 1150 1014 275

152 1019 342 1096 Nequiquam
362 1022 467 1097 longos
488 1019 603 1102 fugiens
627 1021 680 1080 dat
703 1040 826 1096 corpore
850 1030 952 1093 tortus,

152 1102 239 1160 Parte
258 1102 348 1173 ferox,
370 1103 535 1175 ardensque
556 1101 658 1174 oculis,
681 1113 710 1161 et
731 1100 817 1161 sibila
836 1103 914 1160 colla

152 1182 270 1240 Arduus
291 1182 447 1240 attollens·
438 1227 448 1256 ,
466 1200 533 1258 pars
549 1184 670 1241 volnere
691 1184 798 1241 clauda
816 1192 943 1241 retentat
1019 1195 1024 1200 ’

152 1261 312 1322 Nixantem
333 1261 420 1320 nodis
441 1281 531 1337 seque
552 1261 583 1319 in
604 1281 657 1321 sua
678 1263 811 1322 membra
830 1262 1000 1338 plicantem.

152 1341 219 1401 Tali
239 1341 361 1418 remigio
382 1341 464 1401 navis
486 1361 517 1401 se
538 1343 621 1401 tarda
641 1344 782 1402 movebat
791 1363 800 1416 3
1098 1343 1149 1398 280
1206 1381 1207 1396 l

151 1423 228 1481 Vela
247 1421 317 1480 facit
337 1433 446 1494 tamen,
468 1433 498 1482 et
517 1422 589 1482 velis
610 1422 689 1482 subit
709 1423 785 1482 ostia
805 1421 908 1499 plenis.

152 1504 319 1578 Sergestum
340 1505 457 1562 Aeneas
477 1503 623 1579 promisso
643 1523 765 1563 munere
785 1505 885 1576 donat,

154 1586 304 1642 Servatam
326 1585 366 1642 ob
387 1603 493 1642 navem
514 1584 607 1642 laetus
629 1583 785 1660 sociosque
805 1584 950 1642 reductos

153 1663 214 1724 Olli
234 1683 317 1723 serva
338 1665 431 1736 datur,
454 1683 576 1740 operum
598 1664 676 1723 haud
697 1664 797 1740 ignara
812 1663 973 1734 Minervae,

154 1746 260 1805 Cressa
279 1763 381 1820 genus
403 1745 525 1816 Pholoe,
547 1743 716 1820 geminique
737 1747 792 1804 sub
812 1744 901 1803 ubere
922 1743 992 1802 nati
1096 1746 1147 1818 285

195 1827 267 1883 Hoc
286 1825 353 1901 pius
373 1825 491 1884 Aeneas
512 1825 603 1884 misso
623 1825 783 1884 certamine
804 1825 899 1883 tendit

153 1905 344 1966 Gramineum
365 1905 397 1963 in
417 1924 564 1981 campum,
586 1925 675 1981 quem
696 1905 820 1965 collibus
840 1904 973 1980 undique
994 1904 1093 1964 curvis

154 1985 320 2063 Cingebant
340 1986 448 2060 silvae3
477 1985 635 2062 mediaque
654 1985 685 2045 in
705 1988 782 2045 valle
802 1984 908 2045 theatri

154 2066 257 2126 Circus
278 2077 346 2139 erat,
369 2085 428 2142 quo
450 2086 481 2126 se
502 2066 601 2126 multis
621 2087 690 2126 cum
711 2066 840 2126 millibus
860 2067 947 2125 heros
985 2104 995 2126 .

154 2148 304 2207 Consessu
324 2147 455 2206 medium
476 2146 543 2206 tulit
563 2158 770 2223 exstructoque
789 2145 904 2206 resedit.
1095 2165 1148 2223 290

155 2227 224 2299 Hic,
247 2227 297 2304 qui
316 2229 391 2286 forte
412 2227 502 2287 velint
522 2227 626 2303 rapido
646 2228 826 2287 contendere
847 2245 941 2300 cursu,

155 2307 265 2367 Invitat
285 2307 383 2384 pretiis
404 2306 528 2380 animos,
550 2317 579 2366 et
600 2307 730 2384 praemia
749 2307 841 2384 ponit.

154 2387 298 2462 Undique
318 2388 499 2447 conveniunt
519 2387 628 2447 Teucri
648 2387 788 2464 mixtique
809 2387 916 2462 Sicani,

155 2468 245 2527 Nisus
265 2479 295 2528 et
316 2470 458 2545 Euryalus
478 2466 582 2545 primi:

155 2549 298 2624 Euryalus
317 2549 412 2608 forma
430 2547 552 2624 insignis
572 2547 717 2624 viridique
737 2547 865 2621 iuventa,

154 2629 245 2690 Nisus
266 2648 367 2689 amore
387 2629 437 2706 pio
457 2628 541 2705 pueri
551 2651 560 2703 3
591 2649 667 2705 quos
687 2629 797 2690 deinde
821 2640 938 2690 secutus

155 2709 266 2786 Regius
286 2709 401 2788 egregia
422 2708 528 2768 Priami
550 2710 588 2768 de
610 2709 699 2786 stirpe
720 2711 827 2769 Diores
838 2732 846 2784 3

155 2793 248 2850 Hunc
268 2791 363 2850 Salius
383 2789 470 2850 simul
491 2800 520 2849 et
541 2792 660 2865 Patron,
683 2809 807 2866 quorum
827 2793 902 2850 alter
920 2792 1070 2864 Acarnan,

153 2873 237 2931 Alter
256 2874 294 2932 ab
314 2871 443 2930 Arcadio
463 2873 618 2947 Tegeaeae
638 2870 781 2946 sanguine
800 2871 896 2948 gentis
906 2893 916 2947 3

153 2955 233 3011 Tum
254 2952 314 3011 duo
334 2950 477 3011 Trinacrii
496 2949 624 3023 iuvenes,
649 2953 795 3027 Helymus
816 2954 1021 3028 Panopesque,
1092 2972 1146 3029 300

154 3029 280 3092 Adsueti
300 3030 386 3104 silvis,
409 3030 532 3090 comites
553 3031 675 3091 senioris
695 3034 822 3092 Acestae
832 3050 842 3104 3

155 3111 245 3172 Multi
264 3121 424 3188 praeterea,
446 3130 521 3187 quos
541 3113 620 3170 fama
640 3113 765 3171 obscura
784 3112 927 3172 recondit.

153 3195 271 3251 Aeneas
290 3191 397 3266 quibus
417 3189 448 3248 in
470 3191 575 3249 mediis
596 3190 639 3250 sic
659 3191 769 3252 deiude
788 3193 922 3252 locutus:

156 3269 307 3344 ‘Acoipite
327 3269 402 3327 haec
422 3268 535 3339 animis,
557 3270 708 3345 laetasque
728 3272 872 3332 advertite
892 3283 1014 3331 mentes.

157 3350 274 3407 ‘Nemo
295 3366 332 3406 ex
353 3349 410 3405 hoc
430 3365 553 3405 numero
574 3347 646 3406 mihi
666 3367 728 3407 non
749 3350 877 3410 donatus
898 3351 1000 3412 abibit.
1092 3372 1143 3432 305
1206 3337 1207 3340 Ἴ
