2462 3678
358 69 598 130 Anazarbos
621 72 704 131 nra
736 73 804 132 VJJ.
1020 79 1077 152 289

39 195 214 268 ‘Audiit,
236 207 265 255 et
286 195 311 255 si
332 215 422 271 quem
443 197 529 255 tellus
549 207 681 256 extrema
700 201 798 258 refuso
1021 225 1055 263 ιι
1060 223 1076 282 5

41 277 265 336 ‘Submovet
286 277 470 346 Ocea110,et
491 276 514 335 si
536 296 626 352 quem
646 289 764 339 extenta
777 281 935 372 plagarum

42 355 278 430 ‘Quattuor
269 375 300 414 ιιι
321 355 422 416 medio
443 355 552 415 dirimit
572 360 659 434 plaga
678 359 782 419 Solis
775 360 876 435 miqui

45 435 225 494 ‘Diluvio
245 455 281 495 ex
301 435 352 494 illo
373 447 418 495 tot
437 447 519 494 vasta
539 455 592 513 per
612 456 741 513 aequora
760 439 837 498 vecti

46 515 151 574 ‘Dis
176 516 280 575 sedem
302 515 435 592 exiguam
456 515 554 591 patriis
576 516 702 593 litusque
723 538 859 596 rogamus

48 597 279 668 ‘Innocuum
294 605 324 654 et
344 595 458 654 cunctis
471 597 643 672 undamque
662 618 822 675 auramque
843 609 1000 676 patentem.
1019 625 1076 679 230

50 677 169 734 ‘Non
194 674 301 734 erimus
322 695 412 751 regno
433 675 596 749 indecores,
619 696 675 736 nec
695 690 791 737 vestra
810 680 917 739 seretur

53 757 195 813 ‘Fama
214 754 294 828 levis,
317 755 449 831 tantique
470 757 621 816 abolescet
640 757 733 833 gratia
754 759 832 830 facti,

55 837 164 892 ‘Nec
186 834 307 894 Troiam
328 835 478 895 Ausonios
498 837 610 912 gremio
632 838 784 914 excepisse
805 838 924 915 pigebit

57 916 174 974 ‘Fata
195 933 247 990 per
266 915 416 974 Aeneae'
408 935 472 975 iuro
493 917 686 992 dextramque
710 930 873 994 potentem,

59 993 164 1054 ‘Sive
185 996 253 1068 fide,
275 1014 328 1056 seu
348 993 413 1071 quis
434 997 513 1056 bello
534 1007 578 1056 est
599 1009 734 1073 expertus
756 1010 786 1058 et
805 1000 913 1072 armis;
1015 1021 1069 1080 235

62 1073 189 1132 ‘Multi
209 1093 264 1133 nos
285 1075 396 1152 populi,
420 1078 530 1135 multae
552 1079 602 1153 (ne
623 1089 733 1150 temne,
755 1078 837 1154 quod
857 1081 933 1138 ultro

63 1155 294 1214 ‘Praesenmus
315 1155 451 1216 manibus
472 1156 559 1216 vittas
579 1176 615 1216 ac
635 1158 725 1217 verba
745 1158 909 1236 precantia)

65 1237 134 1293 ‘Et
157 1235 269 1310 petiere
290 1235 346 1295 sibi
366 1246 396 1296 et
415 1237 534 1295 voluere
554 1236 714 1313 adiungere
733 1249 844 1313 gentes.

66 1315 157 1374 ‘Sed
179 1334 234 1374 nos
255 1315 315 1374 sata
335 1316 426 1375 deum
447 1328 558 1376 vestras
579 1317 731 1392 exquirere
751 1329 841 1376 terras

69 1394 237 1470 ‘Imperiis
258 1415 343 1472 egere
364 1395 431 1455 suis
476 1396 559 1456 Hinc
580 1399 738 1457 Dardanus
760 1409 859 1472 ortus;
1014 1423 1070 1474 ²40

68 1477 170 1533 ‘Huc
190 1475 296 1551 repetit
316 1474 462 1551 iussisque
481 1476 649 1553 ingentibus
670 1489 773 1554 urguet
794 1479 907 1555 Apollo

70 1555 281 1631 ‘Tyrrhenum
301 1557 341 1616 ad
359 1556 502 1632 Thybrim
524 1567 554 1616 et
573 1557 662 1616 fontis
682 1560 759 1617 vada
780 1577 861 1618 sacra
882 1559 1008 1619 Numici.

70 1637 158 1708 ‘Dat
178 1634 232 1694 tibi
253 1646 403 1711 praeterea
422 1637 556 1696 fortunae
577 1656 667 1712 parva
686 1637 788 1713 prioris

71 1718 232 1787 ‘Munera
254 1715 392 1790 reliquias
413 1716 504 1775 Troia
524 1735 560 1774 ex
580 1718 702 1776 ardente
722 1730 862 1794 receptas.

71 1797 168 1854 ‘Hoc
187 1806 271 1871 pater
290 1795 436 1855 Anchises
457 1816 528 1855 auro
548 1796 660 1857 libabat
680 1798 720 1857 ad
740 1817 822 1856 aras:
1011 1816 1065 1874 245

73 1878 168 1934 ‘Hoc
190 1875 296 1933 Priami
317 1886 470 1952 gestamen
490 1887 559 1949 erat,
582 1897 651 1935 cum
671 1878 733 1935 iura
753 1878 865 1936 vocatis

73 1957 184 2014 ‘More
204 1957 288 2014 daret
308 1955 425 2032 populis
435 1977 444 2029 ;
474 1968 689 2032 sceptrumque,
711 1976 852 2033 sacerque
873 1956 968 2029 tiaraS,

74 2035 282 2112 ‘Iliadumque
302 2037 385 2096 labor
405 2039 519 2096 vestes!

115 2115 239 2174 Talibus
261 2116 368 2175 Ilionei
388 2115 474 2175 dictis
495 2117 592 2175 defixa
613 2116 735 2175 Latinus

75 2197 192 2257 Obtutu
213 2206 294 2255 tenet
314 2215 374 2264 ora,
395 2198 519 2271 soloque
539 2196 687 2256 inmobilis
708 2197 817 2268 haeret,
1010 2216 1066 2273 ²50

76 2277 212 2335 Intentos
230 2278 352 2336 volvens
373 2278 483 2336 oculos.
527 2278 592 2336 Nec
611 2295 740 2352 purpura
759 2295 858 2352 regem

78 2354 160 2414 Picta
180 2367 288 2427 movet,
309 2376 365 2416 nec
386 2369 501 2434 sceptra
522 2369 643 2416 movent
664 2356 808 2416 Priameia
829 2366 951 2429 tantum,

79 2435 256 2526 Quantum
248 2457 279 2495 1n
299 2436 430 2497 conubio
450 2448 537 2496 natae
557 2438 747 2513 thalamoque
769 2448 905 2511 moratur,

80 2519 119 2574 Et
137 2515 240 2576 veteris
261 2516 355 2575 Fauni
375 2515 467 2576 volvit
487 2519 541 2576 sub
562 2528 683 2594 pectore
704 2528 820 2576 sortem.

81 2598 169 2654 Hunc
188 2596 271 2656 illum
291 2597 358 2656 fatis
379 2608 501 2656 externa
520 2598 560 2656 ab
580 2599 651 2656 sede
671 2599 834 2673 profectum
1007 2612 1061 2672 255

81 2676 216 2736 Portendi
236 2696 385 2752 generum,
402 2677 606 2754 paribusque'
598 2696 629 2734 ιιι
650 2696 740 2752 regna
760 2677 859 2736 vocari

80 2755 220 2832 Auspiciis
230 2779 238 2830 3
267 2757 335 2816 huic
356 2757 528 2833 progeniem
550 2757 654 2816 virtute
674 2759 799 2815 futuram

81 2835 237 2914 Egregiam,
259 2848 289 2896 et
309 2847 403 2896 totum
424 2857 500 2912 quae
520 2835 627 2895 viribus
648 2846 773 2911 occupet
793 2837 902 2894 orbem.

81 2917 210 2976 Tandem
231 2918 324 2976 laetus
345 2915 405 2976 ait:
435 2916 492 2976 ‘Di
513 2929 612 2976 nostra
633 2915 753 2991 incepta
772 2915 943 2987 secundent,

83 2996 315 3074 ‘Auguriumque
336 3001 439 3056 suum!
462 2995 595 3068 Dabitur,
617 2995 753 3068 Troiane,
776 2995 858 3070 quod
879 3007 983 3072 optas;
1006 2999 1062 3054 260

84 3077 219 3136 ‘Munera
239 3096 295 3137 nec
316 3095 431 3153 sperno
475 3078 546 3135 Non
566 3075 660 3149 vobis,
680 3095 747 3152 rege
769 3074 884 3147 Latino,

85 3155 198 3216 ‘Divitis
219 3159 292 3216 uber
312 3156 372 3232 agri
391 3156 535 3216 Troiaeve
556 3155 709 3248 opulentia
729 3154 829 3216 deerit.

86 3237 163 3312 ‘Ipse
181 3238 273 3328 modo
293 3239 419 3309 Aeneas,
442 3235 533 3296 nostri
554 3237 578 3295 si
598 3247 681 3328 tanta
700 3235 809 3313 cupido
830 3245 881 3308 est,

86 3315 151 3377 ‘Si'
144 3315 221 3394 iungi
240 3315 370 3394 hospitio
391 3327 527 3394 properat
548 3315 703 3394 sociusque
723 3314 828 3387 vocari,

142 3447 240 3492 S.V..l
