2462 3678
390 49 630 110 Aruernos
655 51 739 110 rra.
774 52 840 109 Vm
1064 55 1120 128 285

94 173 255 236 Stridore
274 173 387 253 ingenti
408 174 550 252 liquidum
571 186 651 236 trans
671 176 791 236 aethera
810 185 921 247 vectae,
1084 178 1120 251 65

96 257 280 316 Obsedere
300 257 425 332 apicem,
447 268 477 316 et
497 255 622 332 pedibus
643 275 697 333 per
717 267 819 316 mutua
838 255 921 316 nexis

97 338 262 396 Examen
283 336 412 395 subitum
432 356 515 396 ramo
534 337 692 396 frondente
713 336 865 412 pependit

98 415 278 478 Continuo
297 428 387 490 vates,
412 419 591 477 ‘Externum
612 415 775 487 cemimus‚'
796 415 899 493 inquit,

100 497 313 556 ‘Adventare
332 495 437 569 virum,
458 508 488 557 et
508 509 606 574 partes
627 506 727 573 petere
747 516 855 572 agmen
875 497 995 556 easdem

102 577 279 636 ‘Partibus
299 597 336 636 ex
356 577 459 649 isdem,
482 589 512 638 et
533 596 649 637 summa
668 577 846 637 dominarier
866 578 951 637 arce’
1083 593 1118 650 70

103 659 287 729 Praeterea,
310 659 397 716 castis
417 659 517 718 adolet
537 659 609 716 dum
629 656 731 716 altaria
752 657 854 729 taedis

104 739 154 795 Et
178 737 265 796 iuxta
284 736 447 814 genitorem
467 739 565 798 adstat
586 736 708 797 Lavinia
730 736 818 812 virge,

103 816 201 890 Visa,
224 819 316 889 nefas,
339 817 434 894 longis
454 819 668 895 comprendere
689 816 816 876 crinibus
836 815 944 894 ignem,

104 899 221 973 Atque
242 916 362 956 omnem
383 909 519 957 ornatum
540 900 660 958 flamma
681 897 841 973 crepitante
862 895 991 970 cremari,

107 979 311 1053 Regalesque
331 997 456 1038 accensa
476 998 586 1049 comas,
608 997 735 1037 accensa
755 996 895 1036 coronam
1079 995 1112 1054 75

108 1058 274 1133 Insignem
295 1057 426 1134 gemmis,
448 1070 511 1117 tum
531 1057 644 1117 fumida
664 1057 773 1116 lumine
794 1059 875 1118 fulvo

110 1137 247 1210 Involvi‚
269 1157 304 1196 ac
325 1137 393 1198 totis
414 1140 580 1198 Volcanum
601 1157 737 1214 spargere
757 1138 850 1197 tectis.

111 1219 154 1276 Id
177 1237 249 1278 vero
270 1219 447 1279 horrendum
468 1239 504 1278 ac
523 1218 587 1278 visu
607 1217 740 1277 mirabile
761 1217 845 1279 ferri:

112 1301 261 1374 Namque
281 1301 344 1366 fore
363 1298 515 1358 inlustrem
535 1299 615 1358 sama
634 1297 760 1374 satisque
780 1298 927 1358 canebant

113 1380 231 1454 Ipsam,
254 1380 304 1438 sed
327 1381 440 1456 populo
461 1398 601 1455 magnum
621 1379 798 1455 portendere
819 1379 937 1438 bellum.
1074 1384 1112 1440 80

113 1461 158 1517 At
179 1478 232 1517 rex
252 1458 391 1519 sollicitus
412 1458 550 1519 monstris
571 1460 688 1519 oracula
709 1457 811 1530 Fauni,

115 1538 245 1598 Fatidici
264 1538 412 1615 genitoris,
433 1539 503 1610 adit,
524 1540 666 1615 luoosque
686 1541 741 1598 sub
762 1541 828 1598 alta.

116 1618 257 1679 Consulit
278 1620 425 1692 Albunea,
447 1637 601 1679 nemorum
622 1638 699 1695 quae
718 1619 847 1679 maxima
867 1640 951 1680 sacro

117 1701 217 1759 Fonte
237 1711 323 1759 sonat
344 1718 520 1776 saevamque
541 1700 658 1759 exhalat
680 1719 774 1775 opaca
794 1699 957 1775 mephitim.

119 1779 203 1838 Hinc
224 1782 318 1840 Italae
337 1791 440 1857 gentes
461 1779 617 1856 omnisque
637 1779 779 1841 Oenotria
799 1781 884 1838 tellus
1072 1784 1108 1858 85

119 1862 156 1917 In
178 1859 274 1920 dubiis
294 1879 437 1937 responsa
456 1870 569 1937 petunt.
613 1862 684 1919 Huc
704 1862 785 1920 dona
805 1860 942 1919 sacerdos

120 1942 198 2000 Cum
219 1940 293 2012 tulit,
317 1953 347 2000 et
367 1960 519 2000 caesamm
539 1939 639 2000 ovium
659 1940 714 1999 sub
735 1950 823 1998 nocte
845 1939 941 1999 silenti

120 2019 248 2080 Pellibus
268 2020 401 2081 incubuit
421 2021 525 2092 stratis
547 2039 727 2096 somnosque
748 2018 858 2096 petivit,

122 2102 217 2160 Multa
236 2101 332 2161 modis
353 2101 508 2160 simulacra
527 2101 607 2160 videt
627 2098 781 2160 volitantia
801 2097 887 2172 miris,

121 2182 161 2238 Et
180 2181 272 2240 varias
292 2180 374 2241 audit
393 2201 490 2253 vooes,
513 2181 673 2257 fruiturque
693 2181 816 2240 deorum
1071 2201 1108 2257 90

123 2260 296 2338 Conloquio‚
317 2272 406 2338 atque
426 2261 492 2322 imis
512 2263 683 2322 Acheronta
702 2261 817 2320 adfatur
834 2259 966 2320 Avemis.

125 2340 183 2400 Hic
202 2353 230 2401 et
251 2352 313 2400 tum
333 2352 417 2418 pater
435 2341 500 2418 ipse
519 2352 623 2418 petens
643 2361 787 2418 responsa
807 2339 928 2402 Latinus

125 2422 247 2481 Centum
268 2422 410 2499 lanigeras
430 2425 579 2482 mactabat
599 2421 652 2482 rite
674 2423 818 2493 bidentes,

124 2504 216 2577 Atque
236 2503 339 2562 harum
359 2503 475 2562 effultus
495 2513 577 2580 tergo
597 2500 753 2579 stratisque
772 2503 888 2563 iacebat

125 2582 300 2642 Velleribus:
321 2583 418 2642 subita
438 2602 474 2642 ex
494 2585 555 2643 alto
575 2603 633 2642 vox
652 2584 767 2643 reddita
787 2584 854 2642 luco
875 2594 938 2644 est:
1069 2601 1106 2661 95

128 2664 186 2722 ‘Ne
203 2674 272 2739 pete
291 2663 426 2723 conubiis
446 2674 546 2723 natam
567 2661 678 2723 sociare
699 2662 818 2730 Latinis,

128 2745 169 2803 ‘O
187 2763 251 2802 mea
272 2742 434 2820 progenies,
456 2743 592 2803 thalamis
613 2762 671 2802 neu
692 2742 779 2802 crede
799 2739 907 2818 paratis
917 2763 926 2816 3

129 2823 255 2882 ‘Extemi
274 2821 395 2883 veniunt
414 2823 521 2900 generi,
544 2822 594 2900 qui
615 2821 755 2898 sanguine
774 2833 908 2882 nostrum

130 2905 254 2965 ‘Nomen
274 2902 305 2962 in
326 2915 403 2963 astra
423 2905 525 2978 ferant,
548 2921 732 2980 quommque
752 2903 791 2962 ab
812 2901 902 2979 stirpe
923 2915 1047 2979 nepotes

129 2984 244 3044 ‘Omnia
264 2985 319 3043 sub
339 2983 473 3060 pedibus,
495 3003 554 3061 qua
574 2985 624 3044 Sol
643 2993 799 3058 utrumque
818 3001 967 3056 recurrens
1051 3005 1106 3044 100

130 3063 266 3141 ‘Adspicit
287 3066 450 3136 Oceanum,
471 3064 604 3140 vertique
624 3063 742 3140 regique
762 3062 924 3124 videbunt!

130 3146 205 3204 Haec
223 3163 365 3220 respousa
384 3144 474 3221 patris
496 3144 589 3205 Fauni
609 3144 796 3220 monitusque
817 3142 913 3203 silenti

131 3227 214 3286 Nocte
234 3225 321 3286 datos
341 3243 403 3285 non
422 3225 486 3301 ipse
506 3244 560 3285 suo
580 3224 686 3303 premit
706 3244 757 3285 ore
778 3223 917 3285 Latinus:

130 3305 180 3366 Sed
197 3304 302 3364 circum
323 3306 382 3366 late
401 3305 529 3366 volitans
548 3304 608 3365 iam
630 3307 722 3365 Fama
743 3325 797 3382 per
815 3307 902 3366 urbes
