2514 3690
148 101 203 161 154
404 85 438 140 P.
463 85 653 143 VERGILI
667 85 876 144 MARONIS

147 227 255 290 Omine
275 248 335 304 quo
355 231 473 289 firmans
493 231 624 290 animum
645 231 687 290 sic
707 230 809 308 incipit
829 231 910 308 ipsa:

148 311 219 368 ‘Est
238 307 269 368 in
290 309 451 385 Carpathio
471 310 604 387 Neptuni
624 310 735 387 gurgite
755 323 847 383 vates,

151 388 325 449 ‘Caeruleus
346 391 477 461 Proteus,
500 409 639 466 magnum
659 392 709 466 qui
731 391 861 466 piscibus
882 411 991 467 aequor

148 471 204 528 ‘Et
224 467 325 527 iuncto
345 469 487 545 bipedum
508 489 592 528 curru
613 471 732 529 metitur
751 489 904 545 equorum.

150 547 228 607 ‘Hic
248 568 328 607 nunc
350 548 502 608 Emathiae
523 559 625 624 portus
645 549 827 625 patriamque
847 553 945 611 revisit
1076 576 1135 630 390

150 630 326 702 ‘Pallenen;
353 629 433 687 hunc
454 639 483 687 et
503 630 661 706 Nymphae
681 649 853 689 veneramur
873 643 902 690 et
922 631 986 709 ipse

149 709 358 767 ‘Grandaevus
378 710 491 768 Nereus
502 730 510 781 3
537 709 618 767 novit
639 728 768 785 namque
789 710 889 770 omnia
908 724 999 784 vates,

150 789 253 863 ‘Quae
274 786 339 861 sint,
362 807 438 864 quae
459 786 573 860 suerint,
594 807 670 864 quae
691 808 760 848 mox
780 802 903 850 ventura
924 794 1095 866 trahantur3

151 868 287 944 ‘Quippe
308 867 349 926 ita
369 870 510 944 Neptuno
531 868 626 926 visum
648 880 700 940 est,
721 869 861 930 immania
881 870 963 932 cuius

151 952 310 1007 ‘Armenta
329 959 358 1007 et
379 959 477 1024 turpes
497 949 591 1024 pascit
610 950 665 1007 sub
685 950 797 1026 gurgite
818 952 938 1026 phocas.
1076 971 1132 1028 395

152 1028 230 1087 ‘Hic
250 1027 311 1098 tibi,
333 1039 410 1101 nate,
430 1029 511 1104 prius
530 1027 634 1087 vinclis
654 1028 825 1105 capiendus
844 1043 877 1090 ut
897 1051 1017 1092 omnem

152 1108 314 1184 ‘Expediat
333 1109 429 1168 morbi
449 1127 567 1168 causam
587 1119 767 1185 eventusque
787 1112 938 1170 secundet.

152 1189 247 1246 ‘Nam
267 1186 330 1248 sine
350 1187 380 1246 vi
399 1208 460 1248 non
480 1189 540 1247 ulla
558 1187 641 1248 dabit
661 1200 828 1266 praecepta,
849 1210 946 1267 neque
967 1194 1049 1251 illum

152 1269 290 1328 ‘Orando
310 1269 410 1328 flectes
420 1289 428 1341 3
455 1268 513 1327 vim
535 1269 638 1328 duram
659 1279 689 1327 et
708 1269 825 1328 vincula
845 1282 933 1347 capto

153 1349 292 1422 ‘Tende;
313 1347 375 1408 doli
394 1349 503 1407 circum
523 1349 597 1407 haec
617 1351 738 1408 demum
758 1352 927 1426 frangentur
945 1350 1060 1411 inanes.
1076 1373 1135 1425 400

153 1430 240 1503 ‘Ipsa
260 1448 315 1504 ego
335 1439 373 1502 te,
394 1429 508 1488 medios
528 1447 595 1486 curn
617 1431 661 1488 sol
682 1431 847 1490 accenderit
868 1442 975 1502 aestus,

152 1509 247 1568 ‘Cum
267 1508 370 1568 sitiunt
388 1509 497 1568 herbae
517 1519 546 1568 et
567 1508 667 1584 pecori
687 1509 746 1568 iam
765 1509 872 1586 gratior
892 1514 996 1571 umbra
1016 1523 1072 1586 est,

153 1589 205 1644 ‘In
227 1599 337 1647 secreta
357 1588 435 1647 senis
454 1588 571 1660 ducam,
593 1601 653 1664 qtro
673 1589 767 1648 fessus
788 1591 827 1648 ab
850 1590 935 1650 undis

153 1669 206 1726 ‘Se
227 1667 339 1744 recipit,
360 1668 444 1728 facile
464 1679 498 1727 ut
518 1687 624 1727 somno
644 1668 813 1744 adgrediare
833 1669 986 1730 iacentem.

152 1751 276 1807 ‘Verum
296 1747 347 1808 ubi
368 1759 532 1824 correptum
553 1749 689 1809 manibus
708 1748 870 1824 vinclisque
891 1751 1013 1823 tenebis,
1077 1770 1133 1828 405

152 1830 247 1885 ‘Tum
267 1827 363 1886 variae
383 1830 504 1888 eludent
524 1828 637 1904 species
656 1839 746 1904 atque
766 1848 817 1887 ora
836 1831 970 1890 ferarum.

153 1906 235 1966 ‘Fiet
254 1909 333 1966 enim
354 1908 451 1967 subito
473 1927 522 1966 sus
542 1909 814 1984 horridusatraque
835 1909 915 1986 tigris

153 1989 407 2064 ‘Squamosusque
427 1989 516 2048 draco
536 2000 566 2047 et
585 1989 664 2047 fulva
684 1988 797 2048 cervice
817 1992 928 2062 leaena

153 2070 231 2126 ‘Aut
251 2087 348 2127 acrem
369 2068 504 2127 flammae
524 2068 653 2127 sonitum
675 2068 756 2127 dabit
776 2080 864 2145 atque
884 2070 926 2128 ita
946 2068 1050 2130 vinclis

153 2147 301 2220 ‘Excidet,
323 2159 374 2208 aut
395 2147 425 2206 in
446 2167 537 2223 aquas
557 2159 660 2207 tenues
681 2147 811 2224 dilapsus
831 2150 931 2209 abibit.
1077 2171 1135 2223 410
1238 2167 1239 2228 j

152 2228 228 2287 ‘Sed
248 2240 359 2304 quanto
378 2227 427 2287 ille
447 2227 539 2306 magis
558 2230 666 2288 formas
687 2247 719 2288 se
738 2240 832 2289 vertet
850 2228 881 2286 in
901 2249 1015 2303 omnes,

153 2311 245 2366 ‘Tam
266 2319 306 2381 tu,
328 2319 406 2379 nate,
427 2309 520 2384 magis
539 2310 688 2368 contende
708 2308 823 2368 tenacia
842 2309 945 2378 vincla,
1002 2357 1006 2368 .

154 2389 277 2446 ‘Donec
297 2386 362 2446 talis
382 2387 436 2446 erit
456 2400 570 2447 mutato
591 2408 720 2464 corpore,
743 2390 861 2464 qualem

153 2465 294 2540 ‘Videris
315 2467 434 2542 incepto
454 2478 563 2544 tegeret
582 2488 651 2527 curn
671 2467 782 2527 lumina
802 2469 926 2528 somno!

152 2548 239 2606 Haec
258 2547 299 2606 ait
319 2557 348 2605 et
368 2546 512 2623 liquidum
532 2548 694 2608 ambrosiae
716 2547 853 2608 diffundit
873 2550 1004 2621 odorem,
1075 2567 1133 2626 415

151 2629 220 2702 Quo
240 2637 335 2686 totum
356 2626 418 2685 nati
437 2645 542 2703 corpus
562 2627 715 2703 perduxit;
742 2640 771 2688 at
791 2627 833 2687 illi

153 2705 256 2767 Dulcis
276 2705 447 2784 compositis
468 2707 586 2783 spiravit
607 2707 736 2767 crinibus
756 2727 834 2779 aura,

149 2792 248 2863 Atque
268 2787 373 2847 habilis
393 2787 532 2847 membris
552 2788 632 2847 venit
651 2787 741 2863 vigor.
784 2790 838 2848 Est
859 2807 964 2864 specus
984 2787 1088 2865 ingens

150 2867 240 2927 Exesi
260 2869 348 2927 latere
368 2867 399 2926 in
420 2867 538 2940 montis,
560 2886 619 2943 quo
639 2867 766 2944 plurima
783 2880 873 2928 vento

150 2947 272 3024 Cogitur
292 2949 381 3023 inque
402 2947 482 3006 sinus
503 2946 610 3006 scindit
630 2966 694 3007 sese
714 2948 795 3006 unda
815 2949 961 3020 reductos,
1077 2969 1137 3021 420

110 3079 116 3098 ,
150 3027 310 3104 Deprensis
331 3026 402 3086 olim
422 3027 509 3085 statio
529 3027 674 3086 tutissima
694 3025 789 3086 nautis
799 3050 807 3102 ;

150 3109 234 3165 Intus
254 3125 286 3164 se
306 3105 380 3163 vasti
401 3107 524 3164 Proteus
545 3105 616 3181 tegit
637 3105 722 3165 obice
743 3106 812 3165 saxi.

150 3185 211 3244 Hic
230 3184 368 3243 iuvenem
389 3183 420 3240 in
441 3183 558 3242 latebris
579 3203 711 3244 aversum
732 3204 751 3243 a
770 3184 882 3246 lumine
903 3188 1043 3264 Nympha

150 3265 293 3332 Collocat‚
315 3260 381 3338 ipsa
400 3262 503 3337 procul
523 3262 637 3322 nebulis
659 3265 783 3324 obscura
802 3265 915 3326 resistit

151 3347 216 3402 Iam
236 3339 355 3418 rapidus
376 3351 488 3399 torrens
510 3339 640 3400 sitientes
660 3343 749 3403 Sirius
771 3345 863 3404 Indos
1077 3369 1135 3426 425
