2460 3686
369 643 403 709 P.
425 641 625 706 VERGILI
652 641 872 708 MARONIS

324 848 926 943 AENEIDOS

446 1077 573 1135 urhun
601 1077 800 1153 Qururus.

108 1350 272 1408 Inrunun
292 1343 425 1404 medium
446 1346 564 1404 Aeneas
585 1342 645 1402 iam
666 1345 760 1405 classe
780 1348 902 1407 tenebat

111 1431 234 1488 Certus
254 1425 317 1497 iter,
340 1426 506 1515 fluctusque
526 1435 605 1483 atros
622 1423 771 1501 Aquilone
792 1429 920 1502 secabat,

112 1507 252 1568 Moenia
272 1504 440 1594 respiciens,
463 1523 540 1580 quae
561 1505 621 1562 iam
640 1504 765 1565 infelicis
787 1505 899 1567 Elissae

114 1589 296 1650 Conlucent
316 1583 450 1644 flammis.
495 1586 581 1660 Quae
603 1595 725 1644 tantum
739 1587 937 1649 accenderit
930 1609 1026 1666 ignem

116 1673 228 1731 Causa
248 1669 352 1740 latet,¹
366 1664 431 1724 duri
452 1683 561 1740 magno
582 1665 635 1725 sed
656 1685 756 1726 amore
777 1670 894 1729 dolores
1103 1688 1119 1747 5

118 1751 257 1822 Polluto,
279 1756 451 1835 notumque,
472 1747 571 1804 furens
591 1744 664 1820 quid
684 1746 795 1807 femina
815 1751 917 1825 possit,

117 1831 225 1890 Triste
246 1847 299 1905 per
318 1824 472 1902 augurium
493 1828 675 1917 Teucrorum
696 1839 818 1903 pectora
839 1831 959 1890 ducunt.

119 1915 172 1974 Ut
193 1911 315 1985 pelagus
335 1917 456 1967 tenuere
477 1917 562 1978 rates,
584 1925 641 1965 nec
661 1905 720 1965 iam
741 1908 868 1984 amplius
888 1911 947 1968 ulla

122 1989 264 2055 Occurrit
285 1989 379 2059 tellus,
402 1984 493 2044 maria
512 1985 644 2062 undique
664 1996 694 2046 et
715 1988 846 2064 undique
867 1991 990 2062 caelum,

123 2070 191 2134 Olli
211 2069 364 2128 caeruleus
385 2085 475 2142 supra
494 2079 586 2143 caput
607 2067 719 2127 adstitit
739 2067 841 2139 imber,
1087 2093 1122 2130 ro

124 2155 210 2213 Noct
199 2163 258 2210 tem
279 2148 468 2223 hiememque
489 2148 594 2237 ferens,
618 2158 647 2206 et
667 2146 811 2207 inhorruit
830 2150 911 2209 unda
931 2150 1067 2211 tenebris.

125 2237 200 2310 Ipse
220 2231 400 2320 gubernator
420 2226 513 2304 puppi
533 2193 687 2286 Palinurus
707 2228 745 2287 ab
766 2230 843 2288 alta:

125 2316 238 2372 ‘Heul
267 2308 408 2386 quianam
429 2307 504 2367 tanti
524 2307 677 2367 cinxerunt
696 2310 815 2368 aethera
835 2308 951 2370 nimbi?

128 2393 276 2468 ‘Quidve,
300 2400 384 2465 pater
405 2391 554 2464 Neptune,
575 2391 694 2464 parasl'
735 2389 800 2450 Sic
805 2391 913 2451 deinde
933 2394 1050 2453 locutus

126 2472 276 2548 Colligere
297 2489 378 2528 anna
398 2467 488 2558 iubet,
509 2467 673 2544 validisque
694 2468 865 2531 incumbere
885 2473 982 2549 remis,
1088 2493 1121 2551 15

128 2552 334 2641 Obliquatque
356 2547 438 2607 sinus
458 2547 490 2606 in
511 2558 642 2622 ventum,
663 2569 698 2608 ac
719 2551 788 2610 talia
808 2554 902 2612 fatur:

129 2631 341 2708 ‘Magnanime
361 2631 473 2702 Aenea,
497 2647 568 2701 non,
590 2627 615 2687 si
635 2629 707 2689 mihi
729 2630 863 2721 Iuppiter
882 2643 985 2692 auctor

129 2713 309 2790 ‘Spondeat,
331 2710 390 2767 hoc
409 2727 525 2784 sperem
547 2708 664 2768 Italiam
686 2711 855 2788 contingere
876 2714 968 2774 caelo.

133 2791 263 2853 ‘Mutati
283 2801 447 2849 transversa
467 2790 595 2849 fremunt
617 2800 647 2848 et
668 2809 788 2865 vespere
809 2793 900 2850 abt
869 2803 934 2850 atro

131 2877 340 2948 ‘Consurgunt
360 2869 449 2941 venti,
471 2879 562 2945 atque
582 2868 613 2927 in
634 2871 746 2928 nubem
767 2870 881 2946 cogitur
900 2891 958 2932 aer.
1087 2895 1124 2934 20

133 2956 216 3014 ‘Nec
236 2970 291 3010 nos
313 2948 409 3010 obniti
428 2960 539 3022 contra,
561 2968 619 3008 nec
639 2950 761 3009 tendere
782 2962 897 3010 tantum

132 3032 323 3095 ‘sufficimus
367 3032 490 3106 Superat
509 3028 651 3120 quoniam
672 3031 809 3106 Fortuna,
833 3050 998 3108 sequamur,

134 3117 278 3190 ‘Quoque
298 3117 393 3184 voca't,
414 3120 560 3170 vertamus
580 3109 642 3187 iter.
686 3112 752 3170 Nec
772 3112 857 3172 litora
876 3115 965 3191 longe

134 3194 227 3254 ‘Fida
245 3211 312 3252 reor
330 3193 457 3250 fraterna
477 3189 579 3266 Erycis
600 3183 760 3282 portusque
780 3191 911 3266 Sicanos

134 3274 181 3335 ‘Si
202 3273 295 3332 modo
315 3270 368 3330 rite
389 3288 503 3329 memor
522 3281 636 3330 servata
656 3271 792 3331 remetior
811 3275 906 3333 astra'
1089 3292 1124 3353 25

131 3361 210 3418 Tum
230 3351 296 3430 pius
316 3355 450 3410 Aeneas.
479 3349 687 3424 ‘Equidem
664 3369 707 3410 src
727 3371 849 3428 poscere
868 3366 972 3416 ventos
