2460 3686
296 641 299 648 ⁴
382 679 415 743 12.
442 678 641 743 varroni
674 677 893 744 nononis

364 850 411 938 A
444 847 485 938 E
517 848 563 939 N
595 849 637 939 E
669 849 689 940 Ι
723 849 770 940 D
801 849 910 942 OS

469 1047 596 1104 LIBER
623 1047 807 1108 TERTIUS

141 1294 334 1363 “POSTQUAM
354 1315 400 1354 res
420 1295 509 1354 Asiae
531 1293 697 1369 Priamique
717 1303 846 1352 evertere
866 1303 984 1370 gentem

140 1373 311 1432 inmeritam
332 1375 427 1434 visum
449 1375 569 1450 superis,
593 1373 759 1449 ceciditque
780 1375 939 1448 superbum

140 1452 228 1511 Ilium
249 1463 279 1512 et
300 1453 396 1513 omnis
417 1456 510 1513 humo
530 1456 624 1513 sumat
646 1451 797 1528 Neptunia
816 1452 914 1524 Troia,

139 1533 264 1592 Diversa
285 1534 371 1593 exilia
391 1544 422 1594 et
443 1536 573 1594 desertas
594 1553 733 1610 quaerere
753 1543 843 1592 terras

137 1613 274 1690 Auguriis
295 1614 408 1690 agimur
429 1615 537 1688 divom,
559 1616 741 1690 classemque
762 1615 817 1672 sub
838 1611 903 1688 ipsa

137 1695 292 1754 Antandro
314 1705 343 1753 et
363 1695 505 1772 Phrygiae
526 1695 663 1754 molimur
684 1693 833 1752 montibus
855 1694 935 1764 Idae,

138 1774 247 1833 Incerti
268 1794 328 1851 quo
348 1776 408 1834 fata
427 1778 530 1848 serant,
551 1775 603 1834 ubi
624 1773 724 1834 sistere
745 1776 839 1845 detur,

138 1854 406 1931 Contrahimusque
426 1856 511 1916 viros.
553 1854 610 1914 Vix
629 1854 723 1931 prima
743 1853 892 1928 inceperat
912 1864 1015 1928 aestas,

137 1935 176 1992 Et
197 1945 280 2010 pater
301 1935 445 1994 Anchises
467 1938 537 1995 dare
558 1935 624 1994 fatis
644 1936 711 1993 vela
730 1934 860 2006 iubebat,

137 2012 238 2073 Litora
258 2034 327 2074 cum
347 2016 459 2092 patriae
479 2013 632 2074 lacrimans
652 2024 814 2091 portusque
834 2012 969 2088 relinquo

136 2095 175 2152 Et
196 2113 327 2170 campos,
348 2096 399 2155 ubi
420 2095 511 2155 Troia
530 2095 591 2154 fuit.
635 2097 726 2154 Feror
746 2095 813 2152 exul
833 2093 864 2152 in
884 2095 976 2152 altum

137 2175 214 2233 Cum
235 2175 322 2234 sociis
343 2188 481 2251 natoque,
504 2174 665 2234 Penatibus
686 2185 716 2234 et
736 2173 850 2250 magnis
872 2173 933 2232 Dis.

175 2256 266 2314 Terra
287 2258 389 2331 procul
409 2255 498 2315 vastis
519 2255 624 2314 colitur
644 2254 792 2314 Mavortia
813 2255 934 2328 campis,

136 2331 278 2410 (Thraces
299 2335 396 2414 arant)
418 2335 477 2394 acri
497 2335 648 2411 quondam
669 2345 789 2411 regnata
809 2337 953 2410 Lycurg0‚

137 2413 309 2489 Hospitium
331 2415 485 2491 antiquum
507 2415 615 2475 Troiae
636 2415 768 2492 sociique
790 2416 923 2485 Penates,

136 2495 217 2552 Dum
238 2495 355 2554 fortuna
375 2497 437 2556 suit.
481 2499 571 2555 Feror
591 2497 658 2566 huc,
681 2506 710 2554 et
730 2493 815 2554 litore
836 2512 926 2552 curvo

135 2573 259 2633 Moenia
278 2573 373 2650 prima
394 2577 461 2635 loco
482 2575 548 2634 fatis
569 2575 715 2652 ingressus
736 2573 853 2650 iniquis,

134 2656 349 2732 Aeneadasque
369 2675 438 2716 meo
458 2676 569 2715 nomen
590 2658 628 2715 de
649 2655 771 2714 nomine
792 2656 879 2730 fingo.

173 2736 260 2796 Sacra
282 2735 434 2796 Dionaeae
454 2736 539 2795 matri
561 2735 694 2811 divisque
714 2737 844 2794 ferebam

132 2817 312 2891 Auspicibus
333 2829 506 2894 coeptorum
528 2835 659 2892 operum,
682 2833 846 2891 superoque
867 2813 1012 2873 nitentem

132 2896 315 2957 Caelicolum
335 2898 396 2974 regi
416 2898 583 2956 mactabam
604 2896 634 2954 in
656 2895 740 2954 litore
759 2905 879 2953 taurum

131 2976 220 3035 Forte
240 2977 296 3035 suit
316 2977 397 3035 iuxta
416 2979 554 3048 tumulus,
577 2996 636 3052 quo
657 2994 765 3034 cornea
785 2993 902 3033 summo

130 3055 263 3128 Virgulta
283 3067 312 3113 et
334 3055 432 3112 densis
452 3055 605 3113 hastilibus
625 3055 743 3114 horrida
763 3067 881 3131 myrtus

129 3131 260 3203 Accessi,
280 3131 462 3206 viridemque
483 3134 521 3190 ab
542 3135 634 3192 humo
655 3134 819 3192 convellere
840 3133 942 3191 silvam

129 3212 272 3279 Conatus‚
293 3209 381 3267 ramis
401 3220 530 3283 tegerem
551 3221 583 3268 ut
603 3212 808 3270 frondentibus
828 3231 900 3284 araS,
932 3271 933 3274 ,

131 3288 323 3344 Horrendum
344 3297 374 3344 et
395 3287 475 3344 dictu
496 3287 583 3345 video
604 3289 736 3348 mirabile
757 3302 927 3349 monstrum.

1119 1627 1135 1684 ⁵

1210 1793 1211 1831 i

1097 2031 1132 2069 10

1093 2427 1125 2486 1⁵

1090 2832 1125 2872 20

1086 3230 1118 3291 25
