2442 3686
140 95 199 170 348
327 74 332 88 '
393 93 428 151 P.
463 90 655 151 Vanam
675 90 891 150 Marcius

140 220 268 279 Volnera
288 216 409 293 dirigere
431 227 461 277 et
481 219 607 276 calamos
629 235 740 275 armare
761 234 885 290 veneno,
1075 235 1132 284 rso

140 297 279 358 Maeonia
299 315 439 373 generose
460 296 566 355 dorno.
592 294 643 354 ubi
664 294 785 385 pinguia
805 297 885 354 culta

140 377 342 452 Exercentque
362 374 423 445 viri,
446 375 640 450 Pactolusque
662 373 766 450 inrigat
788 393 866 432 auro

139 454 242 514 Adfuit
265 467 294 514 et
317 455 497 524 Mnestheus,
520 471 606 528 quern
627 451 702 528 pulsi
723 451 843 528 pristina
863 452 960 510 Turni

141 537 254 610 Aggere
275 551 439 593 moerorum
460 497 612 591 sublimem
633 531 725 608 gloria
746 532 829 602 tollit,

142 615 179 671 Et
201 614 315 702 Capys:
340 609 408 669 hinc
428 629 536 669 nornen
558 611 727 686 Campanae
747 609 863 670 ducitur
886 608 962 669 urbi.
1073 625 1124 685 145

180 690 228 749 Illi
249 689 324 749 inter
345 707 409 748 sese
430 689 494 747 duri
515 690 672 748 certamina
693 687 763 748 belli

140 770 348 830 contulerant·
371 767 469 826 media
489 771 603 826 Aeneas
624 769 696 826 freta
717 777 804 825 nocte
826 766 958 826 secabat.

142 851 277 923 Namque
298 858 330 906 ut
344 845 389 905 ab
412 847 549 904 Euandro
570 845 671 904 castris
693 844 835 919 ingressus
858 845 998 916 Etruscis,

141 928 253 1002 Regem
275 924 344 997 adit,
366 935 396 984 et
415 923 474 1000 regi
495 934 636 984 memorat
654 942 820 999 nomenque
840 942 1013 999 genusque3

141 1005 257 1078 Quidve
278 1014 367 1079 petat,
390 1002 526 1078 quidue
518 1021 580 1079 rpse
601 1005 690 1074 serat3
715 1001 876 1062 Mezentius
898 1021 982 1061 arma
1070 1025 1081 1060 ι
1086 1021 1123 1078 50

141 1085 226 1158 Quae
247 1082 302 1142 sibi
323 1081 476 1154 conciliet;
498 1081 684 1156 violentaque
705 1092 824 1158 pectora
845 1081 937 1140 Turni

142 1164 272 1233 Edocet3
296 1159 428 1219 humanis
449 1178 526 1235 quae
547 1159 583 1219 sit
603 1158 710 1219 fiducia
729 1160 815 1219 rebus

142 1242 299 1312 Admonet,
321 1239 512 1313 inmiscetque
532 1257 649 1313 preces:
672 1239 751 1297 haud
772 1239 804 1296 fit
825 1257 924 1298 mora:
948 1240 1087 1298 Tarchon

143 1317 240 1394 Iungit
262 1337 341 1393 opes,
364 1317 526 1407 foedusque
546 1317 627 1391 serit3
650 1326 712 1375 tum
733 1315 823 1375 libera
843 1316 894 1374 sati

142 1399 273 1456 Classem
295 1395 494 1455 conscendit
486 1393 570 1454 russis
590 1413 661 1470 gens
683 1394 777 1470 Lydia
797 1395 904 1485 divom,
1067 1412 1118 1472 155

142 1478 271 1535 Externo
292 1475 446 1533 commissa
467 1474 542 1532 duci
584 1473 696 1533 Aeneia
717 1473 822 1550 puppis

142 1553 239 1612 Prima
259 1563 347 1624 tenet,
369 1563 462 1613 rostro
484 1553 622 1628 Phrygios
644 1551 796 1611 subiuncta
817 1553 925 1611 leones.

142 1634 280 1692 Imminet
302 1632 357 1690 Ida
377 1650 470 1705 snper,
493 1630 620 1707 profugis
639 1629 799 1706 gratissima
819 1630 948 1691 Teucris

142 1712 203 1770 Hic
225 1729 344 1787 magnus
366 1711 448 1769 sedet
469 1713 591 1782 Aeneas,
615 1728 772 1784 secumque
793 1711 900 1768 volutat

142 1793 271 1849 Eventus
293 1788 361 1849 belli
381 1789 492 1861 varios3
517 1790 669 1864 Pallasque
688 1786 803 1846 sinistro
947 1835 950 1844 ,
1066 1793 1117 1847 160

141 1870 262 1928 Adfixus
283 1867 392 1926 lateri
384 1887 442 1926 ram
462 1867 573 1942 quaerit
593 1867 695 1939 sidera,
716 1885 827 1943 opacae

142 1947 246 2008 Noctis
267 1947 329 2020 iter,
352 1946 410 2004 iam
432 1965 506 2021 quae
527 1966 628 2022 passus
650 1956 781 2021 terraque
802 1944 938 2021 marique.

182 2026 305 2086 Pandite
327 2044 406 2084 nnnc
428 2024 582 2095 Helicona,
605 2025 686 2096 deae,
709 2034 869 2099 cantusque
888 2036 1006 2085 movete
1013 2046 1024 2099 3

142 2107 226 2180 Quae
249 2123 352 2163 manus
374 2103 483 2162 interea
503 2103 607 2162 Tuscis
628 2102 780 2162 comitetur
800 2102 838 2161 ab
859 2102 916 2162 oris
1207 2143 1208 2152 r

143 2185 272 2256 Aenean,
296 2193 444 2257 armetque
465 2192 550 2254 rates,
571 2183 733 2257 pelagoque
753 2181 880 2239 vehatur
1067 2185 1114 2260 165
1207 2159 1208 2243 i

182 2261 326 2320 Massicus
347 2271 445 2320 aerata
465 2260 599 2336 princeps
622 2271 700 2318 secat
719 2277 858 2350 aequora
865 2257 964 2334 Tigri.

142 2341 202 2400 Sub
223 2358 282 2415 quo
303 2338 382 2398 mille
404 2358 506 2396 manus
526 2337 671 2410 iuvenum,
693 2337 743 2412 qui
763 2337 878 2396 moenia
901 2337 993 2412 Clusi,

143 2416 260 2492 Quique
281 2419 384 2476 urbem
405 2417 514 2492 liquere
536 2419 645 2476 Cosas:
669 2415 734 2491 quis
754 2417 812 2474 tela
833 2415 954 2491 sagittae

142 2494 302 2570 Gorytique
321 2497 400 2554 leves
421 2495 547 2553 humeris
568 2506 598 2554 et
618 2494 711 2553 letifer
731 2513 820 2553 arcus

142 2575 213 2632 Una
233 2584 330 2632 torvus
351 2575 447 2632 Abas:
472 2572 539 2630 huic
560 2584 652 2632 toturn
675 2572 853 2662 insignibus
854 2569 940 2630 annis
1065 2591 1114 2648 170
1206 2597 1207 2676 y

141 2656 266 2728 Agmen,
289 2661 318 2711 et
338 2661 438 2710 aurato
458 2651 584 2726 fulgebat
605 2652 742 2726 Apolline
763 2649 876 2726 puppis

142 2733 300 2790 Sexcentos
321 2729 362 2788 illi
382 2730 502 2789 dederat
525 2729 688 2805 Populonia
708 2739 801 2788 mater

144 2812 287 2885 Expertos
307 2808 377 2868 belli
398 2807 516 2866 iuvenes
526 2829 534 2880 3
558 2817 602 2866 ast
624 2809 687 2865 Ilva
709 2818 855 2866 trecentos

143 2889 244 2946 Insula
264 2887 441 2946 inexhaustis
463 2887 626 2962 Chalybum
647 2905 787 2961 generosa
808 2882 937 2944 metallis

142 2965 265 3035 Tertius,
288 2965 335 3023 ille
357 2964 506 3024 homiuum
528 2965 685 3039 divomque
706 2964 845 3040 interpres
867 2962 970 3035 Asilas,
1067 2981 1112 3042 175

143 3043 199 3102 Cui
222 3044 369 3119 pecudum
390 3045 487 3116 fibrae,
510 3044 581 3102 caeli
605 3043 652 3100 cui
673 3042 767 3101 sidera
786 3051 895 3118 parent,

145 3123 181 3180 Et
202 3122 316 3196 linguae
337 3123 494 3194 volucrum,
519 3131 547 3181 et
571 3121 702 3196 praesagi
722 3121 849 3179 fulminis
870 3120 960 3196 ignes,

143 3199 225 3258 Mille
247 3198 320 3272 rapit
342 3198 449 3256 densos
470 3199 532 3257 acie
553 3210 639 3274 atque
659 3199 842 3258 horrentibus
863 3198 959 3256 hastis.

144 3279 210 3334 Hos
231 3293 330 3349 parere
350 3274 451 3331 iubent
472 3277 603 3349 Alpheae
625 3277 663 3335 ab
684 3276 794 3351 origine
816 3276 909 3342 Pisae,
