2460 3686
157 93 214 147 ²40
399 67 434 125 P.
473 65 666 126 VERGILI
687 66 900 126 MARONIS

155 194 306 258 Excierat:
335 195 415 256 laeto
435 198 619 273 complerant
639 195 725 256 litora
744 206 841 268 coetu,

154 275 253 336 Visuri
274 277 438 348 Aeneadas,
461 296 529 354 pars
550 287 579 337 et
600 288 712 337 certare
732 276 833 353 parati.

155 359 281 416 Munera
300 355 446 433 principio
465 366 536 416 ante
557 358 661 416 oculos
681 357 819 432 circoque
839 358 979 417 locantur

155 438 192 496 In
212 435 321 507 medio,
344 437 417 496 sacri
438 437 570 514 tripodes
591 436 759 512 viridesque
780 455 907 496 coronae
1113 458 1171 495 110
1215 433 1216 468 ³

155 519 194 577 Et
214 518 332 593 palmae
352 516 670 594 pretium-victoribus,
692 537 841 593 armaque,
864 528 894 577 et
914 526 999 578 ostro
1215 517 1216 540 ;

154 599 292 659 Perfusae
310 608 416 668 vestes,
437 597 552 674 argenti
571 598 693 674 aurique
713 600 843 658 talenta:

155 680 193 736 Et
214 679 287 737 tuba
307 676 482 738 commissos
503 678 604 738 medio
625 677 706 738 canit
726 697 830 754 aggere
851 677 947 736 ludos.

155 757 253 817 Prima
272 776 357 835 pares
378 757 482 818 ineunt
502 759 638 834 gravibus
660 758 822 819 certamina
841 757 928 817 remis
1215 815 1216 818 ,

155 839 302 912 Quattuor
321 857 359 898 ex
379 837 463 897 omni
483 839 615 898 delectae
635 840 729 898 classe
749 837 884 898 carinae:
1113 857 1168 915 115
1215 847 1216 852 ’

154 920 297 977 Velocem
319 920 494 979 Mnestheus
514 918 575 996 agit
595 917 654 978 acri
674 917 784 995 remige
805 917 931 989 Pristim,

157 1001 229 1058 Mox
250 999 343 1058 Italus
365 1001 548 1070 Mnestheus,
569 1019 662 1076 genus
683 1019 700 1058 a
721 1018 781 1074 quo
802 998 924 1059 nomine
945 999 1099 1071 Memmi,

155 1080 372 1155 Ingentemque
393 1081 473 1155 Gyas
494 1079 605 1157 ingenti
626 1081 705 1139 mole
727 1078 923 1149 Chimaeram,

155 1158 246 1219 Urbis
266 1178 349 1235 opus,
371 1158 479 1235 triplici
499 1162 594 1236 pubes
615 1179 705 1236 quam
728 1160 869 1218 Dardana
889 1178 975 1218 versu
1215 1219 1216 1232 ,

155 1240 326 1315 impellunt,
348 1250 432 1299 terno
452 1250 635 1316 consurgunt
656 1239 759 1300 ordine
783 1239 874 1314 remi3
1112 1262 1167 1300 120

154 1322 373 1395 Sergestusque,
398 1322 507 1380 domus
530 1331 611 1381 tenet
636 1339 654 1379 a
677 1339 738 1396 quo
760 1320 860 1396 Sergia
884 1338 1006 1393 nomen,

155 1401 304 1460 Centauro
327 1399 474 1459 invehitur
498 1421 614 1478 magna,
637 1402 793 1476 Scyllaque
818 1402 984 1461 Cloanthus

154 1480 305 1552 Caerulea,
330 1499 424 1556 genus
447 1482 528 1540 unde
552 1480 615 1551 tibi,
641 1483 779 1540 Romane
804 1479 932 1540 Cluenti.

195 1562 249 1619 Est
272 1563 376 1638 procul
398 1559 431 1619 in
454 1564 560 1638 pelago
583 1581 685 1620 saxum
708 1560 877 1637 spumantia
899 1570 1005 1619 contra
1215 1621 1216 1626 ,

154 1640 263 1711 Litora,
288 1642 371 1716 quod
394 1641 515 1700 tumidis
540 1643 725 1701 submersum
748 1641 882 1700 tunditur
903 1639 974 1700 olim
1109 1663 1163 1721 125

154 1720 315 1792 Fluctibus
337 1720 452 1781 hiberni
476 1723 610 1782 condunt
634 1722 686 1781 ubi
708 1720 804 1781 sidera
826 1720 914 1795 Cori,

153 1801 326 1877 Tranquillo
350 1801 424 1871 silet,
449 1801 633 1878 immotaque
657 1802 800 1861 attollitur
822 1801 903 1860 unda

154 1882 294 1958 Campus,
320 1890 350 1940 et
371 1881 476 1957 apricis
499 1881 586 1943 statio
609 1881 772 1957 gratissima
796 1881 908 1958 mergis,

155 1961 216 2020 Hic
238 1961 361 2020 viridem
385 1965 503 2021 Aeneas
525 1961 676 2021 frondenti
699 1981 736 2020 ex
759 1961 826 2021 ilice
849 1972 959 2020 metam

154 2041 316 2102 Constituit
338 2041 454 2118 signum
477 2043 573 2102 nautis
595 2049 687 2118 pat'er,
713 2043 794 2101 unde
817 2042 922 2102 reverti
1105 2068 1160 2123 130
1215 2049 1216 2052 ’

153 2121 266 2181 Scirent
289 2132 318 2181 et
342 2123 446 2199 longos
469 2121 521 2182 ubi
543 2122 772 2182 circumflectere
796 2141 904 2181 cursus.

152 2203 231 2260 Tum
254 2203 320 2262 loca
344 2213 422 2263 sorte
446 2204 556 2278 legunt,
581 2202 697 2279 ipsique
721 2201 752 2260 in
776 2203 926 2279 puppibus
951 2222 1027 2263 auro

154 2283 302 2342 Ductores
325 2285 413 2358 longe
438 2285 577 2359 effulgent
600 2294 738 2359 ostroque
761 2283 879 2357 decori;

154 2364 260 2422 Cetera
284 2364 414 2440 populea
436 2365 548 2423 velatur
571 2364 676 2423 fronde
701 2363 846 2435 iuventus,

153 2443 348 2519 Nudatosque
370 2443 509 2504 humeros
533 2445 600 2504 oleo
624 2445 743 2520 perfusa
764 2441 889 2503 nitescit.
1101 2468 1155 2526 135

151 2523 319 2584 Considunt
344 2524 483 2595 transtris,
508 2523 682 2600 intentaque
706 2523 845 2583 bracchia
866 2523 973 2584 remis:

152 2603 265 2663 Intenti
290 2614 461 2680 exspectant
485 2604 610 2681 signum,
634 2603 870 2679 exsultantiaque
893 2603 990 2663 haurit

152 2685 253 2745 Corda
276 2705 367 2761 pavor
386 2687 508 2761 pulsans
529 2687 709 2761 laudumque
733 2695 845 2743 arrecta
868 2684 986 2761 cupido

152 2766 228 2824 Inde
253 2764 304 2826 ubi
328 2767 406 2825 clara
429 2764 512 2825 dedit
534 2765 663 2824 sonitum
688 2767 767 2836 tuba,
793 2764 901 2825 finibus
925 2784 1040 2837 omnes,

153 2846 245 2906 Haud
270 2865 360 2916 mora,
383 2845 543 2921 prosiluere
568 2845 645 2904 suis:
671 2844 737 2905 ferit
758 2846 878 2904 aethera
901 2847 1012 2903 clamor
1095 2869 1152 2922 140

151 2923 296 2984 Nauticus
307 2948 316 3000 ;
343 2925 480 2986 adductis
498 2936 637 3003 spumant
658 2926 732 2984 freta
753 2945 838 2984 versa
860 2925 984 2985 lacertis.

151 3005 306 3064 Infindunt
329 3005 437 3081 pariter
459 3008 566 3077 sulcos,
591 3015 747 3080 totumque
771 3004 897 3064 dehiscit

151 3085 335 3144 Convolsum
358 3085 446 3144 remis
469 3085 628 3162 rostrisque
649 3084 825 3146 tridentibus
839 3104 955 3160 aequor.

152 3166 223 3223 Non
248 3173 309 3222 tarn
332 3163 509 3239 praecipites
533 3166 633 3243 biiugo
658 3165 819 3226 certamine
843 3184 984 3242 campum

149 3239 326 3331 Corripuere
350 3253 496 3331 ruuntque
519 3245 604 3331 effusi
626 3264 742 3304 carcere
764 3264 883 3319 currus3
1088 3269 1142 3330 ¹45

152 3323 216 3378 Nec
241 3338 283 3376 src
303 3338 442 3377 rmmrss1s
466 3338 581 3394 aurigae
603 3323 746 3380 undantia
769 3325 832 3381 lora
