2460 3686
164 71 221 130 228
415 63 451 122 P.
481 60 671 121 VERGILI
693 57 905 117 MARONIS

164 212 239 272 ‘Hic
259 231 350 283 amor,
372 214 446 271 haec
466 209 559 287 patria
580 220 632 270 est.
675 208 706 269 Si
727 221 758 269 te
780 208 968 286 Carthaginis
989 229 1088 282 arces,

164 292 379 362 ‘Phoenissam
401 291 589 367 Libycaeque
615 301 752 366 aspectus
773 289 886 349 detinet
907 288 1000 362 urbiS,

163 373 263 448 ‘Quae
283 373 412 442 tandem,
435 369 568 430 Ausonia
588 372 720 430 Teucros
742 369 896 428 considere
916 379 1006 442 terra,

163 451 293 512 ‘Invidia
313 455 379 512 est?
407 453 446 510 Et
466 469 522 510 nos
542 451 585 510 fas
606 461 705 510 extera
725 468 866 525 quaerere
886 468 985 525 regna
1109 467 1161 525 350
1200 424 1201 498 i

165 535 231 592 ‘Me
252 530 342 609 patris
364 531 519 601 Anchisae,
541 529 657 605 quoties
677 529 847 589 umentibus
868 528 980 588 umbris

165 614 246 671 ‘Nox
267 609 362 688 operit
382 622 479 681 terras,
501 611 617 687 quoties
639 620 716 669 astra
735 609 823 685 ignea
843 619 974 686 surgunt,

165 694 328 752 ‘Admonet
348 691 379 750 in
400 688 512 750 somnis
532 700 562 750 et
582 689 699 749 turbida
720 701 808 749 terret
828 688 944 764 imago;
1201 706 1202 758 l

166 775 230 832 ‘Me
251 791 325 848 puer
345 769 498 837 Ascanius,
520 768 684 846 capitisque
704 768 809 829 iniuria
828 768 896 841 cari,
1201 761 1202 786 ¹

166 853 276 928 ‘Quem
296 869 388 927 regno
410 850 574 926 Hesperiae
594 850 700 909 fraudo
720 860 751 909 et
770 850 907 908 fatalibus
927 848 1016 908 arvis.
1109 867 1159 925 355

165 933 273 992 ‘Nunc
293 931 381 990 etiam
402 929 544 1007 interpres
565 930 674 1000 divom,
698 931 770 989 Iove
790 929 898 988 missus
917 930 957 988 ab
977 929 1057 1006 ipso,

166 1014 298 1088 ‘(Testor
317 1022 473 1087 utrumque
494 1009 596 1088 caput)
617 1011 727 1069 celeres
748 1011 889 1069 mandata
909 1028 962 1084 per
981 1029 1072 1068 auras

169 1091 303 1151 ‘Detulit
347 1092 416 1166 Ipse
437 1092 528 1151 deum
548 1089 705 1149 manifesto
726 1089 757 1149 in
779 1089 890 1148 lumine
910 1089 972 1148 vidi

167 1175 343 1231 ‘Intrantem
364 1189 471 1241 muros,
493 1188 659 1244 vocemque
680 1169 724 1228 his
745 1169 865 1229 auribus
884 1168 978 1230 hausi.

167 1250 291 1312 ‘Desine
311 1269 420 1326 meque
438 1249 497 1310 tuis
517 1248 675 1310 incendere
695 1260 784 1327 teque
804 1247 961 1326 querellis3
1110 1253 1161 1325 360
1203 1281 1204 1302 2

168 1331 297 1391 ‘Italiam
317 1351 379 1389 non
400 1341 506 1406 sponte
526 1330 652 1406 sequor!

205 1411 291 1470 Talia
309 1411 458 1470 dicentem
479 1409 653 1469 iamdudum
674 1429 775 1470 aversa
794 1421 899 1482 tuetur,

167 1493 239 1551 Huc
258 1490 328 1550 illuc
348 1492 469 1550 volvens
492 1492 603 1561 oculos
626 1501 781 1566 totumque
802 1499 930 1566 pererrat
1014 1551 1016 1554 ,

168 1569 342 1631 Luminibus
364 1570 468 1642 tacitis,
490 1580 520 1629 et
541 1569 583 1629 sic
604 1589 729 1629 accensa
748 1571 896 1646 profatur:

170 1655 245 1712 ‘Nec
266 1651 320 1710 tibi
340 1650 410 1710 diva
429 1669 544 1726 parens,
565 1649 679 1727 generis
699 1669 756 1710 nec
777 1652 936 1710 Dardanus
956 1662 1073 1724 auctor,
1109 1655 1160 1727 365

169 1732 296 1791 ‘Perfide
306 1752 315 1804 ;
342 1730 395 1790 sed
416 1731 495 1790 duris
516 1729 617 1806 genuit
638 1741 667 1790 te
687 1730 822 1791 cautibus
843 1732 964 1790 horrens

170 1813 339 1881 ‘Caucasus
363 1813 580 1887 Hyrcanaeque
600 1812 759 1870 admorunt
778 1813 870 1869 ubera
890 1809 985 1886 tigres

170 1894 260 1951 ‘Nam
283 1889 355 1966 quid
375 1889 550 1951 dissimulo?
577 1901 628 1950 aut
648 1910 726 1967 quae
747 1910 795 1949 me
815 1891 854 1950 ad
875 1890 986 1949 maiora
1006 1895 1150 1952 reservo?

169 1973 265 2030 ‘Num
286 1972 357 2031 fietu
377 1969 521 2047 ingemuit
541 1973 666 2030 nostro?
694 1991 766 2030 num
787 1970 900 2030 lumina
920 1970 1025 2030 flexit?

170 2053 264 2111 ‘Num
277 2050 412 2110 lacrimas
426 2049 520 2110 victus
534 2050 625 2124 dedit,
640 2061 691 2110 aut
702 2050 855 2110 miseratus
865 2061 1016 2110 amantem
1028 2054 1093 2111 est?
1107 2071 1160 2126 370

170 2134 267 2206 ‘Quae
288 2131 395 2207 quibus
415 2132 597 2191 anteferam?
639 2133 704 2189 Iam
726 2131 784 2188 iarn
806 2151 862 2190 nec
883 2130 1012 2190 maxima
1036 2135 1124 2205 Iun0,

169 2213 247 2271 ‘Nec
268 2211 419 2270 Saturnius
439 2212 513 2270 haec
533 2209 626 2270 oculis
647 2221 732 2286 pater
751 2210 855 2287 aspicit
875 2211 986 2286 aequis.

170 2293 338 2368 ‘Nusquam
360 2301 424 2351 tuta
442 2292 524 2351 fides
567 2290 703 2350 Eiectum
724 2290 816 2363 litore,
838 2301 974 2367 egentem

170 2369 304 2448 ‘Excepi
327 2382 356 2430 et
375 2370 457 2447 regni
477 2371 600 2430 demens
620 2371 651 2429 in
673 2381 755 2447 parte
775 2371 888 2444 locavi;

171 2451 330 2511 ‘Amissam
352 2453 483 2524 classem,
506 2450 602 2511 socios
622 2471 641 2510 a
661 2462 754 2511 morte
775 2450 885 2511 reduxi.
1106 2471 1157 2529 375

172 2535 255 2592 ‘Heu
276 2531 356 2592 furiis
377 2531 497 2591 incensa
517 2533 611 2591 feror!
642 2532 732 2590 Nunc
753 2551 845 2608 augur
865 2531 982 2607 Apollo,

171 2616 273 2673 ‘Nunc
294 2610 401 2688 Lyciae
422 2623 523 2685 sorteS,
545 2630 626 2670 nunc
647 2621 676 2671 et
698 2613 770 2671 Iove
791 2612 897 2670 missus
917 2612 957 2670 ab
977 2610 1046 2687 ipso

172 2696 332 2769 ‘Interpres
353 2692 453 2752 divom
474 2693 529 2751 sert
549 2692 668 2751 horrida
687 2691 766 2751 iussa
785 2711 838 2768 per
857 2711 949 2750 auras.

170 2772 300 2832 ‘Scilicet
320 2771 345 2831 is
365 2771 477 2848 superis
497 2773 580 2831 labor
600 2782 653 2843 est,
675 2790 711 2832 ea
731 2792 801 2831 cura
822 2771 937 2847 quietos

173 2851 333 2912 ‘Sollicitat
376 2854 484 2928 Neque
504 2864 534 2912 te
554 2861 651 2924 teneo,
672 2871 770 2928 neque
790 2850 869 2910 dicta
889 2851 998 2910 refello.
1104 2856 1157 2928 380

173 2934 210 3006 ‘I,
232 2951 354 3007 sequere
376 2933 493 2992 Italiam
514 2931 608 2992 ventis
619 2953 627 3004 3
647 2942 715 3008 pete
736 2951 826 3008 regna
846 2950 898 3007 per
918 2931 1021 2990 undas.

94 3007 99 3016 “
174 3013 276 3088 ‘Spero
297 3010 436 3088 equidem
457 3012 570 3086 mediis,
594 3011 619 3071 si
639 3010 712 3087 quid
732 3011 782 3088 pia
802 3010 924 3070 numina
944 3021 1077 3086 possunt,
1155 3086 1159 3091 ι

177 3090 336 3167 ‘Supplicia
355 3092 513 3149 hausurum
534 3091 671 3167 scopulis,
694 3102 724 3151 et
743 3090 865 3150 nomine
887 3090 968 3149 Dido

173 3173 278 3244 ‘Saepe
299 3180 479 3229 vocaturum.
521 3170 634 3244 Sequar
653 3171 721 3230 atris
740 3169 857 3246 ignibus
878 3170 1001 3243 absens;

174 3251 226 3305 ‘Et
247 3266 315 3304 curn
335 3245 440 3321 frigida
460 3265 538 3304 mors
559 3247 658 3306 anima
678 3248 824 3308 seduxerit
844 3261 923 3307 artus
1101 3255 1152 3329 385

176 3324 335 3383 ‘Omnibus
356 3325 459 3383 umbra
479 3323 553 3382 locis
573 3326 671 3384 adero.
715 3326 816 3399 Dabis,
839 3327 982 3404 improbe,
994 3347 1132 3405 ,poenas5
