2496 3680
130 29 167 102 56
445 22 807 82 JNTRODUCTJON.

157 165 160 172 ’
199 169 266 224 dum
284 167 384 223 domus
402 169 517 222 Aeneae
536 167 656 239 Capitoli
675 161 819 221 immobile
837 183 933 220 saxum

198 255 314 324 accolet,
333 253 535 324 imperiumque
553 263 632 324 pater
651 254 795 307 Romanus
813 254 962 309 habebit„

129 399 161 436 or
173 383 220 436 the
232 391 298 438 tone
311 381 343 436 of
349 382 435 436 noble
447 381 616 448 endurance,
629 381 687 436 and
700 397 821 450 courage
834 391 863 435 to
876 383 937 436 sace
949 381 1044 448 death,
1059 381 1094 434 in

199 520 243 573 Tu
261 535 297 572 ne
314 519 383 573 cede
402 518 492 586 malis,
512 518 562 573 sed
580 527 679 572 contra
696 518 844 572 audentior
862 519 901 572 ito

199 622 284 674 quam
302 615 351 659 tua
368 616 396 661 te
416 605 540 659 Fortuna
557 615 672 662 vocat...

199 751 256 788 una
274 734 349 788 salus
367 733 448 788 victis
466 733 572 787 nullam
591 749 704 803 sperare
723 733 876 789 salutem...

200 874 243 919 est
260 865 315 934 hic,
334 875 377 919 est
395 865 506 919 animus
523 864 594 918 lucis
613 873 797 932 contemptor,
816 873 844 918 et
863 864 948 916 istum

199 953 247 1021 qui
265 951 323 1004 vita
339 950 412 1004 bene
430 951 525 1004 credat
543 950 606 1017 emi,
625 966 681 1020 quo
699 950 800 1010 tendis,
818 951 961 1003 honorem.

131 1079 221 1133 Brave
234 1077 420 1133 cheerfulness
430 1078 459 1131 in
469 1095 487 1132 a
499 1077 546 1130 life
556 1077 587 1131 of
595 1077 664 1147 peril
677 1079 734 1132 and
747 1079 855 1132 trouble
868 1079 892 1132 is
905 1078 992 1147 nobly
1001 1079 1132 1134 touched

130 1181 159 1218 rn

200 1303 217 1339 ο
235 1285 312 1355 passi
331 1284 468 1353 graviora,
486 1285 566 1339 dabit
584 1285 653 1339 deus
672 1286 715 1339 his
734 1301 846 1355 quoque
864 1285 982 1339 tinem...

131 1413 300 1468 submission
313 1420 343 1466 to
356 1413 403 1466 th'e
416 1412 566 1468 inevitable
579 1413 608 1466 in

200 1541 298 1594 desine
315 1538 373 1593 sata
391 1539 477 1593 deum
494 1538 569 1593 flecti
587 1555 700 1609 sperare
718 1539 869 1608 precando.

130 1674 222 1741 Again
240 1674 288 1727 the
304 1673 397 1727 voices
415 1673 447 1727 os
460 1673 531 1740 deep
548 1671 678 1740 religious
696 1671 814 1739 fervour,
829 1671 860 1724 of
873 1672 971 1742 purity,
986 1673 1017 1726 of
1026 1673 1127 1728 hatred

130 1762 162 1814 of
171 1761 208 1829 ill,
221 1769 363 1830 contempt
376 1760 409 1813 os
416 1761 491 1828 gain,
503 1769 615 1814 earnest
627 1761 716 1813 moral
726 1773 959 1828 encouragement
970 1763 1026 1817 and
1036 1765 1125 1816 moral

131 1848 262 1916 warning,
276 1865 322 1902 are
334 1847 421 1901 heard
434 1849 461 1901 in

483 2007 546 2020 ......
550 1981 645 2018 cessas
664 1965 693 2018 in
712 1975 779 2019 vota
798 1982 960 2036 precesque,

200 2054 282 2119 TroS,
300 2052 347 2118 ait,
366 2053 471 2120 Aenea,
491 2054 605 2106 cessas?

341 2181 455 2234 ...tellus
473 2189 568 2249 optem
587 2180 662 2248 prius
682 2180 739 2234 ima
757 2180 883 2235 dehiscat

201 2279 265 2324 ante
285 2268 378 2322 Pudor
397 2284 482 2337 quam
500 2277 528 2321 te
546 2268 620 2320 violo
639 2277 687 2321 aut
705 2278 754 2322 tua
773 2270 832 2322 iura
850 2270 992 2325 resolvo...
1086 2333 1089 2339 .

200 2396 246 2450 ille
264 2396 325 2450 dies
343 2385 449 2464 primus
467 2393 515 2449 leti
534 2395 695 2465 primusque
713 2397 850 2450 malorum
871 2401 873 2406 '

139 2477 142 2482 ’
200 2497 286 2535 causa
303 2481 387 2534 suit...

199 2609 253 2663 heu
272 2608 336 2677 fuge
355 2607 481 2662 crudeles
499 2617 596 2674 terras,
614 2606 678 2676 fuge
696 2608 761 2663 litus
780 2626 896 2663 avarum
908 2612 949 2665 l...

200 2745 280 2810 aude,
299 2746 410 2813 hospes,
428 2754 606 2799 contemnere
625 2762 702 2814 opes,
721 2756 748 2800 et
766 2756 794 2799 te
813 2764 924 2819 quoque
943 2748 1060 2817 dignum

201 2831 275 2899 tinge
293 2830 379 2883 deo...

553 2955 661 3008 ......sic
680 2955 735 3009 itur
753 2957 789 3010 ad
807 2967 891 3027 astra,

200 3041 245 3095 dis
264 3041 366 3108 genite,
384 3047 412 3092 et
429 3040 555 3108 geniture
572 3040 648 3095 deos.

201 3166 272 3216 Tros
291 3162 470 3231 Anchisiade,
489 3163 577 3217 facilis
597 3165 748 3219 descensus
766 3166 897 3221 Averno:

201 3258 298 3302 noctes
317 3261 399 3316 atque
418 3247 477 3300 dies
496 3259 573 3316 patet
591 3249 644 3302 atri
663 3251 746 3303 ianua
766 3249 860 3306 Ditis:
