2442 3686
132 56 191 130 406
390 51 425 108 P.
460 48 652 108 VERGILI
671 48 882 108 MARONIS

133 172 194 233 Hic
215 171 269 234 tibi
289 170 391 233 mortis
413 182 495 232 erant
516 180 622 244 metae,
644 170 752 230 domus
773 170 833 228 alta
852 168 908 228 sub
930 169 998 240 Ida,

132 252 256 330 Lyrnesi
278 252 385 313 domus
406 253 474 326 alta,
496 253 561 312 solo
583 254 731 310 Laurente
752 249 947 326 sepulchrum.

131 335 228 394 Totae
249 334 326 393 adeo
347 351 507 392 conversae
528 330 615 404 acies,
638 348 801 406 omnesque
823 327 928 400 latini,

132 415 245 474 Omnes
267 411 466 484 Dardanidae,
490 412 674 483 Mnestheus,
696 429 823 487 acerque
844 411 987 482 Serestus,

131 495 171 553 Et
193 495 349 570 Messapus
370 511 481 570 equum
501 491 637 564 domitor,
660 501 690 551 et
710 491 793 551 fortis
813 490 917 563 Asilas,
1076 507 1138 566 550

131 575 357 650 Tuscorumque
377 573 515 650 phalanx,
531 571 729 648 Euandrique
749 571 881 630 Arcades
901 570 977 642 alae,

133 655 192 713 Pro
213 673 245 712 se
266 651 391 730 quisque
411 652 466 711 viri
486 671 601 711 summa
621 652 754 711 nituntur
774 669 865 726 opum
884 648 928 719 vi;

131 735 161 792 N
164 752 199 794 ec
219 752 309 807 mora,
332 751 388 792 uec
408 731 525 808 requies
531 754 540 806 3
560 742 644 792 vasto
665 731 826 792 certamine
846 730 982 790 tendunt

174 811 236 872 Hic
257 823 388 873 mentem
408 815 530 873 Aeneae
550 811 684 889 genetrix
704 809 898 888 pulcherrima
920 807 1009 882 misit,

133 896 195 954 Iret
214 904 248 952 ut
267 893 307 952 ad
328 913 436 966 muros
459 891 583 968 urbique
604 893 768 951 adverteret
788 909 895 968 agmen
1083 906 1142 966 555

133 973 225 1036 Ocius
247 984 277 1034 et
298 972 397 1033 subita
417 974 548 1032 turbaret
567 973 654 1032 clade
675 971 809 1043 Latinos,

133 1056 197 1127 llle,
221 1064 254 1113 ut
274 1052 423 1130 vestigans
443 1053 562 1112 divorsa
582 1071 636 1129 per
655 1051 774 1128 agmina
793 1055 928 1111 Turnum

134 1136 207 1193 Huc
227 1143 317 1210 atque
338 1134 397 1191 huc
416 1133 495 1192 acies
516 1131 704 1204 circumtulit,
726 1131 833 1208 aspicit
852 1133 955 1190 urbem

133 1216 304 1273 Immunem
325 1211 400 1272 tanti
420 1211 490 1272 belli
511 1223 602 1288 atque
621 1213 733 1289 inpune
753 1212 892 1288 quietam.

133 1293 285 1356 Continuo
304 1311 422 1370 pugnae
442 1293 579 1352 accendit
600 1291 719 1352 maioris
739 1293 839 1368 imago
844 1313 853 1363 ;
1079 1294 1138 1368 560

134 1374 293 1433 Mnesthea
312 1375 540 1450 Sergestumque
561 1384 649 1433 vocat
668 1374 836 1449 fortemque
855 1373 1007 1432 Serestum

132 1455 288 1526 Ductores,
311 1455 517 1529 tumulumque
538 1452 626 1530 capit,
648 1471 708 1529 quo
730 1463 829 1512 cetera
850 1455 1002 1512 Teucrum

133 1532 289 1594 Concurrit
309 1533 396 1610 legi0,
417 1553 475 1592 nec
494 1543 578 1592 scuta
597 1543 649 1592 aut
669 1532 783 1608 spicula
802 1531 887 1592 densi

133 1616 304 1690 Deponunt
349 1614 439 1675 Celso
460 1612 576 1672 medius
597 1623 677 1672 stans
697 1631 803 1689 aggere
824 1614 918 1672 fatur:

134 1695 201 1754 ‘Ne
222 1712 282 1770 qua
302 1691 375 1752 meis
396 1704 461 1754 esto
482 1692 569 1753 dictis
589 1712 684 1764 mora3
706 1691 841 1769 Iuppiter
860 1693 916 1751 hac
936 1700 1010 1764 stat;
1075 1695 1132 1770 565

133 1775 221 1834 ‘Neu
242 1771 308 1850 quis
328 1775 369 1833 ob
390 1772 542 1850 inceptum
563 1773 695 1834 subitum
716 1772 788 1832 mihi
810 1771 926 1849 segnior
946 1771 997 1830 ito.

133 1855 268 1915 ‘Urbem
288 1853 387 1926 hodie,
409 1873 545 1912 caussam
566 1854 645 1925 belli,
667 1872 759 1930 regna
779 1853 843 1930 ipsa
864 1852 971 1924 Latini,

134 1933 194 1993 ‘Ni
214 1935 328 1993 frenum
349 1932 482 2010 accipere
503 1944 533 1994 et
553 1933 623 1993 victi
643 1952 744 2010 parere
766 1934 901 2004 fatentur,

133 2016 271 2088 ‘Eruam,
293 2024 323 2074 et
343 2032 438 2090 aequa
459 2015 524 2074 solo
544 2013 688 2073 fumantia
708 2013 839 2072 culmina
858 2031 976 2089 ponam

134 2093 271 2155 ‘Scilicet
291 2105 468 2170 exspectem,
491 2095 582 2154 libeat
603 2095 676 2154 dum
696 2092 809 2169 proelia
829 2096 932 2153 Turno
1072 2111 1133 2171 570

133 2177 262 2234 ‘Nostra
281 2174 351 2251 pati,
372 2193 531 2251 rursusque
551 2173 621 2234 velit
641 2192 815 2234 concurrere
835 2171 953 2232 victus?

133 2257 225 2314 ‘Hoc
245 2264 342 2330 caput,
363 2273 383 2314 o
405 2253 493 2328 cirea,
514 2254 590 2314 haec
610 2253 681 2314 belli
702 2273 818 2312 summa
837 2252 965 2312 nefandi.

133 2336 238 2394 ‘Ferte
257 2335 337 2393 faces
357 2354 490 2411 propere,
511 2335 676 2411 foedusque
696 2334 842 2410 reposcite
863 2331 1007 2392 flammis'

133 2413 374 2490 Dixerat-atque
394 2414 501 2473 animis
521 2414 630 2491 pariter
649 2415 829 2474 certantibus
849 2433 953 2473 omnes

133 2497 215 2554 Dant
235 2513 373 2566 cuneum,
395 2496 547 2572 densaque
567 2496 605 2554 ad
627 2514 728 2554 muros
748 2496 828 2554 mole
848 2495 987 2554 seruntur.
1071 2511 1126 2572 575

133 2576 236 2636 Scalae
256 2574 405 2651 inproviso
427 2575 599 2652 subitusque
620 2573 755 2651 adparuit
776 2574 859 2652 ignis.

133 2656 309 2716 Discurrunt
329 2654 378 2714 alii
399 2656 437 2715 ad
458 2666 558 2732 portas
579 2654 749 2731 primosque
770 2654 926 2726 trucidant,

132 2739 254 2797 Ferrum
274 2734 324 2794 alii
345 2745 484 2810 torquent
504 2745 534 2794 et
554 2736 734 2795 obumbrant
753 2735 874 2794 aethera
894 2731 968 2807 telis,

132 2819 203 2892 Ipse
223 2815 299 2875 inter
317 2813 428 2892 primos
449 2817 582 2874 dextram
603 2817 659 2874 sub
680 2813 799 2874 moenia
819 2813 914 2874 tendit

132 2899 257 2969 Aeneas,
279 2913 446 2971 magnaque
465 2894 582 2955 incusat
602 2915 676 2954 voce
698 2895 849 2968 Latinum,
1067 2897 1125 2970 580

131 2979 327 3050 Testaturque
348 2977 421 3034 deos
442 2973 548 3034 iterum
569 2994 601 3034 se
622 2976 662 3035 ad
682 2973 795 3051 proelia
816 2973 890 3050 cogi,

24 3115 27 3120 ¹
132 3054 180 3109 Bis
200 3053 259 3108 iam
281 3053 374 3109 Italos
394 3053 502 3124 hostes,
525 3055 600 3110 haec
620 3053 679 3111 iam
699 3055 791 3112 altera
812 3055 933 3114 foedera
952 3055 1057 3130 rumpi

132 3126 269 3183 Exoritur
289 3126 418 3197 trepidos
439 3130 515 3187 inter
535 3130 684 3189 discordia
705 3131 799 3191 cives:

131 3200 313 3286 Urbem'alii
334 3219 462 3285 reserare
482 3206 587 3264 iubent
607 3218 638 3266 et
657 3210 790 3282 pandere
810 3220 912 3286 portas

131 3276 316 3343 Dardanrdrs,
338 3293 495 3351 rpsumque
515 3285 634 3342 trahunt
654 3287 683 3344 in
707 3289 827 3347 moenia
847 3307 963 3366 regem3
1065 3293 1121 3367 585
