2442 3686
365 123 607 183 narramus
630 125 715 181 arn
743 124 819 181 xrs.
1029 138 1086 197 415

96 252 207 310 Genua
225 250 335 322 labant,
356 249 470 341 gelidus
490 249 639 310 concrevit
658 250 762 326 frigore
783 247 909 326 sanguis
1029 261 1086 322 905

96 333 179 388 Turn
200 329 303 405 lapis
295 348 357 406 rpse
377 329 439 402 viri,
460 349 586 388 vacuum
599 349 660 406 per
680 329 768 389 inane
787 331 913 400 volutus,

97 411 167 468 Nec
188 408 314 500 spatium
335 409 428 468 evasit
447 420 553 482 totum,
574 428 672 486 neque
691 407 808 485 pertulit
828 410 928 467 ictum

96 491 146 547 Ac
166 488 273 547 velut
265 507 297 547 ιιι
317 487 438 561 somnis,
459 490 562 548 oculos
582 489 634 548 ubi
655 489 793 565 languida
812 487 917 564 pressit

98 570 199 627 Nocte
219 567 311 643 quies,
332 568 513 643 nequiquam
533 568 636 628 avidos
656 569 814 627 extendere
834 585 936 626 cursus

97 648 185 706 Velle
204 646 347 719 videmur,
369 658 399 706 et
419 647 449 706 in
470 647 576 707 mediis
596 648 750 707 conatibus
770 646 857 724 aegri
1030 663 1088 721 910

98 725 298 800 Succidimus;
318 745 379 785 non
400 727 499 803 lingua
518 729 604 800 valet,
627 747 686 786 non
708 745 831 803 corpore
852 737 940 786 notae

98 805 254 865 Sufficiunt
273 805 356 877 vires,
378 825 434 865 nec
454 826 511 865 vox
530 817 581 866 aut
599 808 689 866 verba
709 817 882 882 sequuntur:

100 884 151 944 Sic
171 887 283 957 Turno,
299 903 485 962 quacumque
505 886 583 944 viam
603 885 710 946 virtute
730 885 840 963 petivit,

99 966 278 1024 Successum
298 967 354 1025 dea
374 964 438 1024 dira
457 977 553 1042 negat.
594 967 674 1024 Tum
694 976 815 1042 pectore
834 983 937 1025 sensus

99 1045 263 1104 Vertuntur
282 1043 366 1118 varii,
387 1046 515 1104 Rutulos
535 1045 688 1121 adspectat
708 1056 738 1104 et
757 1047 869 1119 urbem,
1031 1059 1087 1118 915

101 1125 325 1200 Cunctaturque
346 1134 436 1196 metu,
459 1125 610 1200 telumque
630 1125 736 1184 instare
757 1123 918 1199 tremescit3

101 1205 177 1276 Nec,
198 1222 259 1279 quo
279 1222 311 1263 se
331 1202 442 1279 eripiat,
464 1222 528 1276 nec,
550 1205 658 1280 quavi
678 1205 780 1264 tendat
800 1204 831 1262 in
851 1206 976 1277 hostem,

101 1284 169 1342 Nec
188 1301 289 1342 eunus
308 1301 433 1359 usquam
453 1282 533 1346 videt
553 1283 742 1359 aurigamque
763 1301 899 1344 sororem.

102 1361 263 1422 Cunctanti
283 1364 375 1421 telum
395 1364 513 1422 Aeneas
533 1364 621 1422 fatale
641 1374 783 1435 coruscat,

102 1441 226 1501 Sortitus
245 1443 391 1501 fortunam
412 1441 513 1511 oculis,
536 1453 566 1501 et
586 1461 708 1518 corpore
729 1453 793 1502 toto
1032 1460 1090 1517 920

31 1549 41 1571 ι
103 1521 227 1580 Eminus
246 1520 402 1597 intorquet
446 1521 554 1580 Murali
573 1522 691 1582 concita
710 1541 871 1598 numquam

102 1602 266 1660 Tormento
287 1600 329 1660 sic
349 1621 419 1660 saxa
437 1603 575 1675 fremunt,
595 1621 652 1661 nec
671 1601 793 1662 fulmine
813 1602 888 1662 tanti

103 1679 268 1739 Dissultant
288 1680 422 1756 crepitus.
464 1683 556 1740 Volat
575 1681 630 1740 atri
650 1681 773 1741 turbinis
794 1682 885 1742 instar

103 1759 235 1818 Exitium
257 1758 352 1818 dirum
372 1760 457 1818 hasta
477 1762 581 1832 ferens,
604 1780 728 1837 orasque
748 1762 873 1821 recludit

102 1838 228 1898 Loricae
248 1848 278 1897 et
298 1837 385 1912 clipei
406 1849 551 1897 extremos
571 1839 768 1916 septemplicis
789 1842 882 1900 orbes.
1032 1855 1089 1917 925

103 1919 161 1977 Per
182 1916 313 1976 medium
335 1916 460 1975 stridens
480 1917 583 1977 transit
602 1920 706 1978 femur.
750 1919 858 1979 Incidit
878 1919 952 1980 ictus

104 1999 216 2073 Ingens
236 1998 275 2056 ad
296 2007 402 2056 terram
423 1996 573 2072 duplicato
592 1997 706 2073 poplite
726 2001 851 2059 Turnus.

104 2079 295 2153 Consurgunt
314 2076 425 2152 gemitu
447 2076 559 2148 Rutuli,
581 2087 720 2152 totusque
740 2079 867 2154 remugit

105 2157 197 2215 Mons
217 2155 335 2228 circum,
358 2167 388 2216 et
407 2174 511 2215 vocem
533 2157 590 2215 late
611 2175 733 2216 nemora
752 2158 812 2217 alta
831 2156 990 2219 remittunt

106 2237 161 2295 Ille
175 2235 301 2294 humiles
315 2237 438 2311 supplex
452 2237 554 2295 oculos
568 2236 759 2312 dextramque
773 2250 942 2313 precantem
1034 2258 1092 2315 930

106 2316 297 2388 Protendens,
321 2314 488 2391 ‘Equidem
508 2315 610 2390 merui,
630 2335 687 2375 nec
707 2318 857 2393 deprecor,
877 2317 991 2396 inquit;

106 2397 218 2455 ‘Utere
238 2406 316 2455 sorte
337 2405 394 2454 tua
438 2395 540 2454 Miseri
560 2406 591 2455 te
611 2395 636 2454 si
656 2415 716 2472 qua
735 2397 864 2487 parentis

106 2476 259 2549 ‘Tangere
280 2493 348 2533 cura
367 2485 474 2550 potest,
496 2475 653 2543 oro—suit
673 2488 702 2536 et
722 2476 775 2537 tibi
796 2478 862 2538 talis

107 2553 268 2612 ‘Anchises
288 2553 544 2630 genitor—Dauni
565 2555 702 2615 miserere
723 2569 868 2629 senectae,

107 2635 166 2693 ‘Et
186 2651 243 2706 me,
264 2653 315 2692 seu
337 2653 442 2710 corpus
463 2634 619 2710 spoliatum
640 2635 752 2695 lumine
772 2636 873 2707 mavis,
1034 2654 1091 2715 935

108 2712 233 2772 ‘Redde
254 2712 337 2772 meis.
377 2713 489 2786 Vicisti,
513 2725 543 2772 et
561 2714 670 2774 victum
691 2717 812 2776 tendere
832 2717 944 2791 palmas

108 2790 249 2851 ‘Ausonii
269 2792 382 2852 videre.
403 2802 453 2852 tua
473 2803 518 2852 est
540 2793 661 2852 Lavinia
681 2793 821 2854 coniunx:

108 2870 257 2931 ‘Ulterius
277 2891 316 2930 ne
336 2872 426 2932 tende
447 2871 540 2932 odiis’
581 2873 667 2933 Stetit
687 2892 754 2931 acer
774 2873 804 2931 in
824 2873 911 2934 armis

107 2954 230 3024 Aeneas,
251 2952 373 3010 volvens
394 2953 505 3026 oculos,
527 2952 717 3027 dextramque
737 2954 887 3028 repressit,

109 3030 173 3090 Et
165 3050 224 3089 ram
244 3029 361 3106 iamque
381 3030 475 3106 magis
495 3041 682 3090 cunctantem
703 3033 819 3092 flectere
839 3051 936 3094 sermo
1035 3054 1094 3112 940

109 3113 263 3186 Coeperat,
284 3109 383 3168 infelix
402 3111 526 3171 humero
547 3130 615 3169 curn
636 3111 771 3187 adparuit
791 3114 851 3172 alto

109 3192 226 3249 Balteus
246 3199 277 3248 et
296 3189 374 3248 notis
394 3191 535 3249 fulserunt
555 3191 671 3266 cingula
690 3190 777 3250 bullis

113 3267 252 3328 Pallantis
272 3268 363 3345 pueri,
384 3268 495 3328 victum
515 3288 605 3345 quem
625 3270 745 3330 volnere
765 3271 884 3331 Turnus

110 3350 253 3408 Straverat
272 3359 360 3423 atque
379 3347 508 3408 humeris
527 3347 680 3407 inimicum
700 3347 814 3425 insigne
833 3351 961 3428 gerebat.
