2494 3702
351 758 385 827 P.
414 761 613 826 VERGILI
647 765 868 831 MARONIS

333 955 879 1050 AENEIDOS

447 1161 575 1219 LIBER
603 1163 773 1222 PRIMUS.

150 1356 222 1438 [Ille
237 1378 292 1434 ego,
314 1361 367 1434 qni
388 1362 532 1434 quondam
552 1363 659 1436 gracili
679 1366 841 1422 modulatus
861 1385 952 1424 avena

154 1441 290 1510 Carmen,
312 1448 338 1497 ct
356 1460 476 1515 egressus
499 1442 580 1500 silvis
601 1445 693 1502 vt'n‘na
714 1447 788 1519 coegi

151 1527 189 1577 ut
199 1521 332 1593 quamvis
352 1522 438 1578 avido
451 1530 592 1596 parerent
612 1541 687 1581 arim
708 1526 808 1596 colono,

147 1606 268 1674 gratum
288 1609 357 1675 opus
376 1602 513 1676 agricole,
534 1609 567 1660 al
585 1622 661 1660 nunc
679 1604 824 1663 horrentia
845 1603 980 1686 Martie]

109 1808 211 1864 ARMA
231 1802 384 1879 virumque
406 1821 491 1877 cano,
514 1803 622 1862 Troiae
644 1802 695 1879 qui
716 1803 828 1880 primus
848 1806 886 1865 ab
908 1805 966 1864 oris

111 1883 232 1943 Italiam
252 1885 313 1944 fato
333 1884 473 1960 profugus
495 1883 667 1959 Lavinaque
687 1885 769 1944 venit

111 1964 222 2035 Litora,
244 1965 372 2023 multum
392 1963 441 2022 ille
463 1974 493 2023 et
517 1964 601 2023 terris
621 1965 747 2024 iactatus
768 1977 797 2024 et
818 1967 880 2025 aito

110 2045 153 2104 Vi
176 2059 323 2120 superum,
346 2063 450 2104 saevae
471 2063 634 2103 memorem
656 2045 780 2103 Iunonis
801 2046 943 2118 obitam,

113 2127 212 2184 Multa
232 2143 351 2201 quoque
373 2135 402 2184 et
423 2125 503 2185 bello
524 2143 637 2200 passus,
660 2126 731 2185 dum
753 2125 894 2184 conderet
915 2127 1018 2185 urbem
1092 2144 1107 2202 5

113 2206 297 2281 Inferretque
318 2207 392 2265 deos
413 2204 509 2276 Latio,
531 2223 625 2280 genus
646 2206 727 2264 unde
748 2205 889 2264 Latinum

113 2285 281 2362 Albanique
301 2296 399 2362 patres
419 2296 510 2361 atque
530 2286 607 2344 altae
627 2284 747 2344 moenia
768 2287 893 2345 Romae.

155 2368 253 2438 Musa,
273 2365 346 2424 mihi
366 2385 470 2425 causas
491 2384 631 2439 memora,
653 2384 713 2442 quo
734 2365 855 2426 numine
875 2369 956 2427 laeso

115 2445 233 2521 Quidve
254 2447 358 2506 dolens
379 2445 480 2523 regina
500 2447 590 2505 deum
611 2456 656 2505 tot
676 2448 792 2506 volvere
813 2467 898 2508 casus

115 2526 267 2603 Insignem
287 2527 397 2604 pietate
417 2526 520 2599 virum,
543 2537 588 2585 tot
609 2526 689 2586 adire
710 2529 824 2588 labores

116 2607 264 2682 Inpulerit.
307 2609 461 2666 Tantaene
481 2605 587 2666 animis
608 2606 783 2667 caelestibus
803 2609 885 2668 irae?

155 2689 234 2748 Urbs
254 2686 377 2764 antiqua
395 2687 457 2759 suit,
478 2687 559 2764 Tyrii
580 2697 701 2747 tenuere
722 2687 829 2760 coloni,

118 2768 276 2844 Karthag0‚
300 2769 417 2826 Italiam
438 2778 541 2828 contra
561 2766 760 2842 Tiberinaque
780 2769 869 2844 longe

25 2857 27 2862 ’
118 2847 206 2920 Ostia,
228 2848 310 2908 dives
332 2867 424 2925 opum
445 2847 608 2923 studiisque
627 2847 787 2924 asperrima
808 2848 896 2922 belli3

118 2927 213 3002 Quam
234 2927 312 2987 Iuni)
332 2929 421 2988 fertur
441 2927 524 2987 terris
544 2926 637 3004 magis
658 2926 796 2986 omnibus
816 2947 906 2987 unam
1023 2972 1031 2986 .
1073 2947 1106 3004 15

119 3008 286 3068 Posthabita
306 3007 432 3068 coluisse
453 3011 561 3069 Samo:
589 3007 638 3066 hic
658 3006 735 3066 iilius
755 3026 845 3081 arma,

121 3088 177 3148 Hic
196 3107 295 3147 currus
316 3088 370 3147 suit
380 3109 389 3162 ;
417 3089 476 3149 hoc
495 3107 619 3165 regnum
640 3088 696 3148 dea
715 3088 852 3164 gentibus
874 3109 946 3161 esse,

120 3167 149 3228 Si
166 3187 223 3244 qua
243 3171 303 3228 fata
323 3169 429 3258 sinent,
451 3169 510 3228 iam
531 3179 595 3228 tum
615 3168 768 3245 tenditque
789 3170 935 3246 fovetque.

121 3248 288 3326 Progeniem
309 3249 363 3308 sed
378 3249 462 3308 'enim
484 3248 615 3307 Troiano
636 3267 654 3306 a
674 3249 816 3325 sanguine
838 3249 907 3308 duci

121 3329 263 3400 Audierat,
284 3329 389 3404 Tyrias
410 3329 481 3387 olim
503 3345 580 3404 quae
600 3338 724 3386 verteret
745 3347 826 3386 arces
836 3350 844 3399 ;
1070 3343 1107 3382 20
