2494 3702
397 51 770 114 Gaoacrcorvrra.
792 57 857 116 [Π.
1063 73 1118 128 139

120 192 334 270 Continuoque
355 213 458 273 greges
478 192 552 255 villis
573 197 638 273 lege
658 195 798 256 mollibus
818 198 909 257 albos

121 275 215 333 Illum
235 285 344 347 autern,
366 274 501 350 quamvis
522 277 596 336 aries
617 277 654 336 sit
674 277 820 337 candidus
840 277 913 354 ipse,

121 354 218 430 Nigra
238 355 339 416 subest
359 357 422 416 udo
443 367 558 415 tantum
580 355 628 416 cui
649 356 747 434 lingua
767 359 875 435 palato,

122 434 227 506 Reice,
249 454 288 495 ne
309 437 431 494 maculis
452 437 580 496 infuscet
600 439 710 496 vellera
729 436 816 514 pullis

121 517 317 587 Nascentum,
339 517 491 592 plenoque
511 516 601 575 aliurn
623 517 815 594 circumspice
835 537 950 594 campo,
1060 539 1119 594 390

122 597 250 654 Munere
272 595 314 654 sic
334 595 423 656 niveo
443 598 537 670 lanae,
559 597 585 656 si
605 599 725 658 credere
747 597 870 673 dignum
891 608 943 670 est,

124 677 188 734 Pan
209 677 283 735 deus
304 677 449 736 Arcadiae
470 687 588 754 captam
609 688 648 749 te,
671 680 765 750 Luna,
787 677 889 737 fefellit

123 757 161 814 In
181 775 303 816 nemora
324 759 384 816 alta
403 776 513 816 vocans
522 779 531 831 3
559 777 615 816 nec
635 769 668 818 tu
688 768 844 833 aspernata
864 769 1028 818 vocantem.

162 839 204 894 At
225 835 274 894 cui
293 837 377 896 lactis
398 856 489 909 arnor,
511 837 637 914 cytisum
657 840 794 914 lotosque
813 840 980 914 frequentes

121 918 194 992 Ipse
215 936 305 975 manu
327 919 477 994 salsasque
497 920 571 978 ferat
590 919 781 994 praesepibus
801 919 915 978 herbas.
1059 937 1115 996 395

123 996 208 1056 Hinc
229 1009 259 1056 et
279 1009 382 1057 amant
402 997 506 1056 fluvios
528 998 629 1075 magis,
651 1008 682 1057 et
702 998 794 1074 magis
814 1000 906 1059 ubera
926 999 1051 1058 tendunt

122 1079 162 1136 Et
183 1076 253 1136 salis
275 1079 426 1137 occultum
447 1079 575 1137 referunt
595 1079 626 1137 in
647 1078 724 1138 lacte
744 1097 887 1154 saporem.

122 1157 215 1218 Multi
236 1157 295 1217 iarn
317 1169 451 1218 excretos
471 1159 629 1233 prohibent
650 1178 668 1218 a
688 1157 829 1218 matribus
849 1159 962 1218 haedos

121 1237 282 1314 Primaque
302 1237 414 1298 serratis
435 1241 598 1315 praefigunt
619 1258 670 1299 ora
691 1237 833 1315 capistris.

121 1319 216 1392 Quod
237 1329 375 1395 surgente
395 1318 445 1378 die
465 1321 591 1379 mulsere
612 1318 752 1394 horisque
772 1319 892 1392 diurniS,
1057 1339 1117 1391 400

119 1401 223 1458 Nocte
244 1411 399 1475 premunt3
427 1400 509 1474 quod
530 1399 588 1458 iam
610 1399 738 1460 tenebris
760 1411 789 1459 et
810 1401 872 1460 sole
893 1401 1028 1471 cadente,

120 1479 183 1538 Sub
205 1480 303 1539 lucem
313 1503 321 1554 ;
349 1491 506 1555 exportans
526 1479 648 1538 calathis
669 1479 732 1539 adit
753 1479 863 1556 oppida
883 1491 992 1556 pastor,

119 1561 184 1618 Aut
204 1578 294 1635 parco
315 1561 376 1618 sale
396 1559 573 1636 contingunt
593 1559 743 1636 hiemique
762 1570 919 1636 reponunt.

163 1641 230 1699 Nec
250 1639 304 1699 tibi
325 1659 523 1699 cura-canum
544 1640 630 1700 fuerit
650 1651 808 1717 postrema,
832 1641 965 1700 seduna
1192 1700 1194 1704 .

119 1719 243 1779 Velocis
264 1722 385 1795 Spartae
405 1721 518 1779 catulos
539 1739 696 1796 acremque
719 1721 884 1781 Molossum
1054 1734 1111 1794 405

121 1803 217 1859 Pasce
237 1820 303 1859 sero
323 1799 434 1876 pingui.
478 1802 649 1876 Numquam
669 1801 842 1861 custodibus
863 1800 919 1860 illis

122 1883 311 1939 Nocturnum
332 1881 453 1940 stabulis
474 1882 567 1940 furem
587 1881 780 1956 incursusque
799 1883 937 1957 luporum

96 2034 102 2042 ·
121 1963 184 2020 Aut
204 1960 358 2036 inpacatos
379 1981 397 2020 a
418 1973 500 2036 tergo
521 1961 653 2021 horrebis
675 1961 814 2020 Hiberos

120 2043 217 2116 Saepe
238 2041 328 2100 etiarn
348 2060 435 2100 cursu
455 2041 576 2100 timidos
596 2041 721 2116 agitabis
741 2059 874 2116 onagros,

121 2123 162 2181 Et
182 2121 305 2180 canibus
324 2123 465 2199 leporem,
487 2121 609 2182 canibus
629 2124 776 2180 venabere
797 2122 949 2194 dammas;
1053 2139 1111 2191 410

121 2203 220 2278 Saepe
239 2201 399 2261 volutabris
421 2202 522 2277 pulsos
544 2201 724 2262 silvestribus
746 2219 832 2276 apros

122 2283 244 2340 Latratu
266 2282 398 2341 turbabis
419 2301 509 2358 agens
530 2293 707 2359 montesque
727 2300 780 2357 per
800 2282 876 2341 altos

122 2363 281 2438 Ingentem
302 2363 431 2420 clamore
451 2381 568 2438 premes
589 2362 628 2421 ad
648 2361 719 2422 retia
740 2381 866 2421 cervum.

165 2441 255 2500 Disce
276 2453 306 2502 et
326 2444 480 2502 odoratam
502 2441 623 2501 stabulis
643 2442 804 2502 accendere
825 2442 945 2500 cedrum

122 2523 338 2598 Galbaneoque
359 2521 467 2598 agitare
487 2541 589 2597 graves
609 2521 714 2581 nidore
735 2523 896 2598 chelydros.
1056 2538 1112 2596 415

122 2605 218 2678 Saepe
239 2605 294 2663 sub
314 2601 434 2661 inmotis
455 2601 644 2679 praesepibus
665 2613 716 2661 aut
737 2604 815 2661 mala
835 2613 915 2660 tactu

121 2683 234 2759 Vipera
255 2681 372 2742 delituit
391 2683 567 2756 caelumque
588 2681 725 2742 exterrita
744 2681 825 2757 sugit,

123 2767 185 2822 Aut
206 2773 285 2823 tecto
306 2764 447 2822 adsuetus
467 2761 588 2821 coluber
608 2763 768 2821 succedere
789 2771 819 2820 et
838 2761 959 2820 umbrae

122 2842 231 2919 (Pestis
252 2845 359 2902 acerba
378 2839 482 2919 bourn)
503 2841 662 2917 pecorique
683 2859 837 2916 aspergere
856 2839 942 2913 virus,

123 2922 211 2982 Fovit
230 2923 362 2981 humum.
401 2924 485 2996 Cape
501 2941 572 2981 saxa
589 2939 688 2993 manu,
703 2940 777 2996 cape
795 2921 908 2992 robora,
924 2931 1031 2997 pastor,
1058 2941 1115 2991 4²0

122 3004 354 3078 Tollentemque
375 3001 470 3060 minas
491 3013 520 3060 et
541 3000 626 3060 sibila
645 3002 722 3061 colla
743 3009 907 3060 tumentem

123 3082 226 3143 Deice.
270 3084 395 3158 Iamque
415 3082 483 3156 suga
502 3079 639 3141 timidum
660 3092 748 3157 caput
768 3080 883 3140 abdidit
903 3083 971 3154 alte,

124 3165 203 3224 Cum
224 3162 315 3222 medii
336 3180 430 3221 nexus
450 3170 655 3236 extremaeque
676 3160 793 3237 agmina
814 3162 925 3220 caudae

123 3244 290 3310 Solvontur,
311 3243 471 3314 tardosque
491 3240 578 3298 trahit
598 3241 678 3299 sinus
698 3240 819 3298 ultimus
840 3241 934 3299 orbes

125 3325 179 3386 Est
201 3321 290 3384 etiarn
311 3322 360 3380 ille
381 3321 475 3381 malus
496 3318 629 3380 Calabris
650 3318 681 3378 in
702 3317 823 3378 saltibus
844 3316 955 3390 anguis
1058 3330 1114 3390 425
