2494 3702
150 93 201 135 122
407 77 441 132 P.
474 76 664 134 VERGILI
677 77 889 136 MARONIS

148 203 228 261 Ante
251 203 350 261 locum
374 199 500 261 similem
522 202 688 277 exquirunt,
711 202 764 262 ubi
786 201 882 279 prima
904 214 1024 280 paretur

148 280 312 341 Arboribus
335 301 418 358 seges
441 293 471 341 et
492 300 553 357 quo
575 301 646 341 mox
669 282 783 358 digesta
805 285 919 356 feratur,

151 365 297 421 Mutatam
319 362 455 438 ignorent
477 362 575 422 subito
599 381 638 422 ne
662 362 775 422 semina
798 375 929 422 matrem.

150 443 231 519 Quin
253 441 342 502 etiam
364 441 438 502 caeli
458 441 608 518 regionem
632 443 663 500 in
686 442 795 503 cortice
816 443 940 520 signant,

150 526 194 584 Ut
215 541 276 598 quo
300 541 434 599 quaeque
459 523 551 581 modo
573 523 693 595 steterit,
716 542 776 599 qua
796 535 879 598 parte
899 526 1013 585 calores
1091 541 1156 600 270

151 603 305 662 Austrinos
329 602 436 672 tulerit,
459 621 536 677 quae
559 613 641 678 terga
662 602 820 663 obverterit
844 605 900 676 axi,

152 682 340 742 Restituam:
369 685 446 742 adeo
468 682 500 740 in
524 683 631 741 teneris
656 702 850 743 consuescere
872 687 1000 743 multum
1025 696 1081 744 est

151 763 285 824 Collibus
307 781 346 820 an
367 765 458 840 plano
481 762 596 822 melius·
609 763 647 822 sit
668 782 781 839 ponere
802 764 900 836 vitem,

152 845 269 918 Quaere
292 841 378 918 prius.
423 842 454 902 Si
477 840 595 919 pinguis
615 862 701 919 agros
722 846 872 904 metabere
894 843 1001 922 campi,

153 925 256 982 Densa
279 941 360 984 sere:
395 924 425 981 in
447 924 541 983 denso
563 941 625 983 non
650 923 767 1000 segnior
790 925 880 984 ubere
902 927 1048 984 Bacchus.
1090 943 1152 1002 275

153 1002 203 1063 Sin
227 1003 347 1062 tumulis
367 1002 482 1063 adclive
503 1004 599 1061 solum
620 1005 770 1080 collesque
790 1004 919 1079 supinos,

153 1083 280 1159 Indulge
304 1083 473 1157 ordinibus;
510 1102 566 1143 nec
590 1083 678 1142 setius
703 1084 800 1143 omnis
822 1084 853 1142 in
874 1103 1005 1160 unguem

85 1217 90 1226 .
153 1164 316 1223 Arboribus
339 1163 443 1240 positis
466 1174 547 1222 secto
571 1162 618 1222 via
641 1163 734 1224 limite
758 1165 891 1240 quadret.

128 1272 133 1280 ·
155 1245 198 1302 Ut
220 1263 309 1319 saepe
331 1243 443 1320 ingenti
463 1245 543 1303 bello
568 1262 636 1302 cum
661 1245 750 1321 longa
773 1244 903 1305 cohortis

154 1324 304 1400 Explicuit
325 1325 411 1400 legi0,
435 1335 464 1383 et
487 1342 596 1399 campo
622 1323 702 1383 stetit
726 1343 831 1400 agmen
855 1335 969 1400 aperto,
1086 1330 1146 1385 280

156 1404 352 1480 Directaeque
373 1404 460 1477 acies,
485 1423 520 1463 ac
544 1406 603 1463 late
624 1405 747 1463 fluctuat
768 1403 864 1464 omnis
1029 1469 1035 1480 ¹

156 1488 232 1544 Aere
255 1484 401 1544 renidenti
425 1486 519 1556 tellus,
544 1485 672 1543 necdum
696 1484 814 1544 horrida
838 1483 964 1544 miscent

156 1564 279 1637 Proelia,
302 1566 356 1636 sed
378 1564 484 1624 dubius
507 1563 613 1624 mediis
638 1566 719 1623 Mars
744 1575 818 1625 errat
841 1563 873 1623 in
895 1565 1003 1624 armis:

141 1645 267 1706 Omnia
291 1645 349 1704 sint
372 1645 491 1721 paribus
513 1642 643 1704 numeris
665 1643 799 1704 dimensa
820 1643 951 1719 viarum3

157 1729 228 1785 Non
251 1725 382 1784 animum
407 1725 499 1784 modo
519 1725 562 1783 uti
585 1735 689 1801 pascat
709 1736 882 1802 prospectus
908 1725 1036 1796 inanem,
1089 1727 1147 1800 285

157 1806 216 1865 Sed
239 1806 308 1881 quia
331 1824 393 1864 non
414 1805 497 1864 aliter
517 1803 592 1864 vires
614 1804 696 1872 dabit
716 1805 855 1865 omnibus
875 1824 984 1880 aequas

157 1887 257 1958 Terra,
283 1885 390 1944 necin
411 1904 537 1943 vacuum
559 1895 698 1960 poterunt
723 1886 882 1944 extendere
903 1885 983 1944 rami.

197 1965 332 2025 Forsitan
356 1975 385 2024 et
407 1965 557 2024 scrobibus
583 1984 659 2040 quae
681 1963 738 2024 sint
759 1965 873 2041 fastigia
894 1983 1035 2040 quaeras:

158 2045 261 2103 Ausim
282 2047 329 2104 vel
351 2045 432 2104 tenui
454 2044 544 2104 vitem
566 2044 751 2104 committere
773 2046 862 2105 sulcu.

158 2123 252 2184 Altior
273 2143 309 2183 ac
330 2123 445 2201 penitus
470 2136 562 2184 terrae
586 2123 721 2200 defigitur
742 2126 835 2196 arbos,
1089 2145 1146 2201 290

158 2206 301 2264 Aesculus
321 2205 352 2262 in
374 2203 483 2279 primis,
508 2223 584 2279 quae
608 2215 751 2279 quantum
772 2204 881 2264 vertice
905 2205 944 2263 ad
967 2205 1052 2263 auras

159 2284 319 2358 Aetherias
342 2295 456 2342 tantum
478 2284 577 2342 radice
601 2282 631 2342 in
653 2285 775 2342 Tartara
798 2283 900 2357 tendit,

160 2367 237 2440 Ergo
258 2383 319 2422 non
339 2363 450 2422 hiemes
471 2365 560 2436 illam,
583 2381 644 2422 non
664 2364 756 2423 flabra
776 2383 872 2439 neque
892 2363 1000 2422 imbres

159 2445 355 2504 Convellunt:
389 2442 514 2502 immota
537 2455 645 2516 manet,
668 2445 836 2519 multosque
860 2455 992 2518 nepotes,

162 2524 258 2581 Multa
281 2522 375 2580 virum
396 2526 517 2581 volvens
542 2524 677 2582 durando
700 2517 817 2582 saecula
840 2522 941 2580 vincit.
1090 2540 1143 2600 295

160 2605 238 2660 Tum
262 2601 343 2660 fortis
365 2603 423 2660 late
447 2621 544 2662 ramos
569 2614 598 2661 et
619 2603 758 2661 bracchia
780 2604 914 2677 pandens

162 2684 233 2741 Huc
254 2681 324 2740 illuc
348 2681 446 2742 media
467 2681 530 2757 ipsa
553 2680 703 2758 ingentem
725 2681 849 2740 sustinet
870 2681 1012 2740 umbram.

162 2765 245 2822 Neve
269 2759 322 2820 tibi
346 2762 385 2820 ad
405 2762 497 2820 solem
522 2773 642 2837 vergant
663 2761 762 2820 vineta
782 2763 947 2832 cadentem,

163 2845 247 2900 Neve
270 2839 345 2899 inter
366 2839 439 2900 vites
461 2844 592 2918 corylum
617 2859 698 2912 sere;
732 2860 807 2900 neve
830 2840 945 2916 flagella

161 2923 282 2981 Summa
303 2931 371 2996 pete
393 2932 443 2979 aut
467 2940 582 2978 summa
603 2919 734 2996 defringe
756 2939 791 2978 ex
812 2921 916 2979 arbore
938 2919 1054 2994 plantas
1089 2941 1143 2996 300

164 3002 289 3078 (Tantus
313 3019 397 3059 amor
418 3000 522 3076 terrae)
545 3019 602 3058 neu
626 3001 701 3059 ferro
722 3002 807 3059 laede
829 3009 966 3058 retunso·

162 3078 289 3148 Semina,
315 3097 389 3136 neve
413 3080 496 3136 oleae
521 3077 664 3135 silvestres·
686 3077 780 3136 insere
804 3090 941 3137 truncos:

164 3159 242 3214 Nam
267 3173 356 3229 saepe
380 3154 505 3211 incautis
529 3155 694 3227 pastoribus
717 3156 824 3215 excidit
848 3155 931 3231 ignis,

164 3233 224 3306 Qui
247 3232 345 3290 furtim
367 3231 468 3306 pingui
491 3231 618 3304 primum
640 3235 694 3290 sub
716 3234 824 3293 cortice
846 3245 940 3294 tectus

164 3312 285 3370 Robora
307 3309 499 3385 comprendit,
524 3309 701 3384 frondesque
723 3313 839 3386 elapsus
862 3313 988 3374 inaltus
1089 3338 1141 3398 305
