2494 3702
315 54 334 92 ·’
367 71 638 132 onorcrcorv
653 73 738 130 rra
761 75 825 133 [Η.
1038 94 1092 152 143

93 213 179 290 Ipsis
200 227 244 276 est
264 219 315 276 aer
335 215 439 276 avibus
458 237 520 277 nou
541 237 661 294 aequus,
683 229 713 278 et
733 217 801 278 illae

93 295 277 372 Praecipites
298 299 358 356 alta
378 296 468 356 vitam
489 299 545 356 sub
566 301 645 357 nube
665 298 839 374 relinquont
898 348 901 353 .

93 377 254 435 Praeterea
273 375 334 436 iam
354 396 411 436 nec
432 377 536 436 mutari
557 378 666 453 pabula
685 380 771 437 refert

92 455 319 533 Quaesitaeque
340 468 450 516 nocent
471 468 548 516 artes
558 478 567 530 ;
594 476 708 517 cessere
728 457 867 534 magistri,

92 534 272 612 Phillyrides
294 536 406 597 Chiron
426 536 701 614 Amythaoniusque
722 539 901 614 Melampus.
1034 558 1091 616 550

90 615 197 674 Saevit
220 618 300 676 etin
322 618 419 676 lucem
440 616 545 694 Stygiis
566 616 674 676 emissa
694 617 823 677 tenebris
854 659 855 662 η

91 694 213 754 Pallida
232 696 398 773 Tisiphone
419 698 543 756 Morbos
564 697 714 774 agitante
736 699 920 772 Metumque,

92 775 196 851 Inque
217 776 281 836 dies
301 777 420 836 avidum
440 795 561 853 surgens
583 787 673 852 caput
693 776 779 836 altius
800 779 889 837 effert.

91 857 204 914 Balatu
224 876 366 932 pecorum
387 868 417 917 et
437 857 546 917 crebris
567 855 726 932 mugitibus
746 876 850 916 amnes

91 938 283 1013 Arentesque
304 949 411 997 sonant
431 938 512 1013 ripae
533 939 683 1013 collesque
704 935 808 1012 supini.
1032 957 1087 1015 555

91 1017 223 1092 Iamque
243 1017 414 1077 catervatim
435 1018 487 1077 dat
507 1028 633 1093 stragem
653 1028 743 1093 atque
763 1027 881 1092 aggerat
900 1017 971 1094 ipsis

91 1097 133 1154 In
156 1097 279 1156 stabulis
300 1097 379 1174 turpi
399 1096 513 1173 dilapsa
533 1099 678 1156 cadavera
698 1097 777 1168 tabo,

90 1177 205 1235 Donec
225 1177 317 1237 humo
338 1189 436 1254 tegere
457 1197 493 1236 ac
512 1177 606 1237 foveis
626 1177 809 1236 abscondere
830 1175 953 1236 discunt.

90 1257 177 1314 Nam
199 1275 296 1333 neque
317 1268 378 1316 erat
399 1257 484 1317 coriis
505 1276 576 1316 usus
593 1275 653 1315 nec
672 1255 784 1315 viscera
804 1257 958 1333 quisquam

89 1338 157 1394 Aut
177 1337 266 1396 undis
287 1339 406 1396 abolere
425 1349 525 1414 potest
545 1347 596 1395 aut
616 1337 734 1395 vincere
754 1336 891 1410 flamma;
1030 1341 1089 1413 560

90 1417 144 1473 Ne
165 1417 290 1476 tondere
311 1415 432 1492 quidem
453 1418 558 1477 morbo
578 1415 746 1491 inluvieque
767 1435 871 1491 peresa

88 1495 215 1554 Vellera
234 1515 291 1556 nec
311 1498 383 1557 telas
403 1507 528 1573 possunt
549 1494 692 1572 attingere
712 1507 810 1572 putres
820 1519 829 1570 ;
886 1526 887 1530 ¹

88 1575 209 1634 Verum
230 1576 319 1635 etiam
340 1576 450 1636 invisos
471 1577 496 1636 si
517 1575 583 1652 quis
604 1586 761 1652 temptarat
780 1577 915 1649 amictus,

89 1655 242 1714 Ardentes
263 1659 388 1733 papulae
408 1667 498 1733 atque
516 1655 688 1715 immundus
708 1655 817 1715 olentia
837 1657 927 1716 sudor

91 1734 235 1793 Membra
256 1738 441 1812 sequebatur,
463 1755 520 1795 nec
540 1736 630 1811 longo
651 1733 760 1794 deinde
780 1737 906 1796 moranti
1028 1740 1085 1813 565

88 1816 246 1889 Tempore
267 1827 420 1876 contactos
440 1828 519 1876 artus
540 1835 622 1876 sacer
641 1813 717 1890 ignis
737 1817 852 1876 edebat.
