2462 3678
365 54 606 116 AENEIDOS
629 54 714 112 LIB.
745 53 811 112 VII.
1027 69 1083 130 295

42 182 201 258 Virgea
222 181 382 259 suggeritur
402 180 491 242 costis
511 179 651 240 undantis
671 178 747 252 aeni,

45 264 307 337 Exsultantque
328 273 411 322 aestu
431 260 532 321 latices
543 282 552 335 3
574 261 641 320 furit
661 260 740 319 intus
760 258 848 334 aquai

44 342 235 402 Fumidus
255 354 346 418 atque
366 344 425 402 alte
445 341 557 418 spumis
577 341 717 400 exuberat
737 340 853 414 amnis;
1028 341 1085 415 465

49 425 158 481 Nec
179 421 238 482 iam
259 441 291 483 se
311 421 393 498 capit
412 423 511 496 unda;
533 423 615 481 volat
635 440 729 498 vapor
749 431 812 479 ater
831 421 871 480 ad
890 439 985 479 auras.

49 505 170 577 Ergo
191 501 246 562 iter
265 503 305 562 ad
325 521 423 578 regem
444 502 558 578 polluta
579 521 654 578 pace
675 500 814 560 Latinum

52 581 201 642 Indicit
222 581 323 659 primis
344 582 490 653 iuvenum,
514 592 543 641 et
566 581 648 641 iubet
668 601 750 640 arma
770 579 874 658 parari,

52 661 195 721 Tutari
216 661 343 735 Italiam,
365 662 521 722 detrudere
540 661 647 721 finibus
668 662 785 721 hostem
795 682 804 734 ;

57 743 120 801 Se
151 742 222 801 satis
244 743 389 802 ambobus
409 741 590 817 Teucrisque
608 741 708 801 venire
730 739 909 814 Latinisque.
1025 754 1085 814 470

61 823 182 882 Haec
201 821 251 882 ubi
272 821 352 882 dicta
373 821 455 881 dedit
475 821 619 896 divosque
639 821 671 880 in
690 832 761 881 vota
781 820 907 892 vocavit,

57 901 233 961 Certatim
254 921 319 962 sese
340 901 442 961 Rutuli
462 903 650 962 exhortantur
669 901 700 960 in
721 921 821 962 arma:

63 983 185 1040 Hunc
206 983 295 1042 decus
316 981 463 1059 egregium
483 984 595 1041 formae
615 994 716 1042 movet
735 992 824 1054 atque
844 979 989 1053 iuventae,

64 1063 185 1120 Hunc
204 1062 284 1121 atavi
303 1082 394 1138 reges,
416 1063 496 1120 hunc
516 1061 599 1122 claris
620 1063 740 1122 dextera
760 1060 852 1120 sactis.

127 1143 212 1200 Dum
233 1144 349 1202 Turnus
371 1143 498 1202 Rutulos
520 1142 624 1201 animis
645 1141 805 1201 audacibus
825 1139 938 1218 implet,
1024 1155 1060 1212 47
1066 1158 1083 1215 5

66 1222 208 1281 Allecto
227 1221 260 1281 in
279 1224 411 1282 Teucros
431 1221 536 1298 Stygiis
557 1241 589 1281 se
609 1221 739 1282 concitat
758 1221 820 1290 alis,

68 1304 162 1360 Arte
182 1321 261 1360 nova
281 1304 432 1378 speculata
452 1304 560 1373 locum,
582 1320 642 1376 quo
662 1302 748 1361 litore
768 1300 891 1377 pulcher

73 1380 210 1440 Insidiis
232 1401 375 1458 cursuque
396 1384 472 1442 feras
492 1382 623 1458 agitabat
643 1384 733 1441 Iulus.

74 1461 153 1520 Hic
174 1461 302 1521 subitam
322 1461 446 1522 canibus
466 1461 577 1522 rabiem
598 1460 723 1538 Cocytia
743 1460 824 1538 virgo

74 1540 199 1612 Obicit,
221 1553 251 1602 et
272 1553 345 1601 uoto
366 1562 450 1602 nares
472 1541 615 1619 contingit
636 1543 736 1614 odore,
1022 1543 1083 1614 480

77 1624 135 1682 Ut
157 1641 276 1681 cervum
296 1622 433 1682 ardentes
454 1633 591 1698 agerent:
612 1640 689 1697 quae
709 1621 805 1699 prima
824 1623 959 1682 laborum

77 1703 190 1762 Causa
209 1701 271 1774 fuit,
293 1703 431 1778 belloque
452 1702 569 1761 animos
589 1703 724 1762 accendit
744 1713 880 1780 agrestes.

78 1784 202 1842 Cervus
219 1792 281 1842 erat
302 1785 396 1842 forma
416 1781 577 1860 praestanti
597 1794 627 1841 et
648 1782 785 1843 cornibus
805 1781 917 1858 ingens,

77 1861 253 1937 Tyrrhidae
273 1861 356 1938 pueri
376 1881 467 1938 quem
488 1861 588 1922 matris
608 1864 646 1923 ab
667 1865 756 1922 ubere
776 1874 891 1938 raptum

82 1942 259 2014 Nutribant,
280 1942 486 2018 Tyrrheusque
507 1957 598 2018 pater,
620 1943 669 2001 cui
687 1943 767 2020 regia
786 1953 891 2018 parent
1023 1944 1080 2018 485

79 2023 239 2093 Armenta
261 2033 291 2082 et
311 2024 370 2082 late
390 2022 527 2082 custodia
547 2022 657 2082 credita
677 2021 783 2099 campi.

81 2102 257 2160 Adsuetum
278 2101 408 2179 imperiis
429 2122 512 2162 soror
531 2103 613 2163 omni
634 2101 723 2162 Silvia
743 2121 812 2160 cura

84 2182 234 2241 Mollibus
254 2182 387 2242 intexens
408 2184 532 2243 ornabat
553 2202 663 2243 cornua
683 2181 773 2253 sertis,

84 2262 292 2337 Pectebatque
312 2263 414 2334 semm,
436 2280 569 2340 puroque
587 2261 619 2322 in
639 2264 722 2322 fonte
742 2263 866 2322 lavabat

86 2342 155 2413 Ille,
178 2361 300 2402 manum
321 2342 438 2419 patiens
458 2361 637 2418 mensaeque
658 2343 797 2402 adsuetus
818 2339 911 2414 herili,
1022 2358 1082 2414 490

84 2423 214 2481 Errabat
235 2422 322 2494 silvis,
344 2441 499 2497 rursusque
519 2425 558 2483 ad
578 2422 680 2482 limina
700 2435 772 2484 nota

85 2503 163 2577 Ipse
182 2501 305 2562 domum
326 2522 391 2562 sera
410 2501 544 2577 quamvis
566 2522 597 2562 se
618 2515 706 2563 nocte
726 2504 845 2563 ferebat.

87 2583 184 2640 Hunc
203 2583 306 2658 procul
325 2593 470 2642 errantem
490 2583 610 2643 rabidae
629 2584 763 2643 venantis
784 2583 841 2642 Iuli

88 2662 288 2721 Commovere
309 2679 406 2733 canes,
428 2662 517 2723 fluvio
537 2682 605 2722 curn
626 2666 701 2723 sorte
721 2664 853 2722 secundo

87 2741 249 2813 Deflueret,
270 2742 393 2818 ripaque
413 2754 511 2802 aestus
530 2743 674 2802 viridante
695 2745 811 2803 levaret.
1023 2755 1079 2814 495

88 2819 162 2897 lpse
182 2820 280 2893 etiam,
302 2820 427 2882 eximiae
447 2823 543 2882 laudis
563 2841 720 2882 succensus
741 2840 849 2893 amore,

88 2901 234 2960 Ascanius
255 2921 344 2961 curvo
366 2901 469 2962 direxit
490 2902 601 2980 spicula
624 2920 733 2961 cornu:

91 2983 158 3040 Nec
178 2982 297 3041 dextrae
318 2981 426 3042 erranti
445 2983 518 3043 deus
539 2982 619 3054 afuit,
641 2993 766 3057 actaque
787 2981 881 3039 multo
918 3009 920 3014 ·

91 3063 204 3135 Perque
225 3073 340 3122 utemm
361 3062 459 3121 sonitu
480 3080 591 3139 perque
611 3061 662 3121 ilia
680 3062 762 3121 venit
782 3061 903 3122 arundo.

90 3141 211 3200 Saucius
231 3153 262 3201 at
282 3143 450 3220 quadrupes
471 3154 542 3202 nota
561 3141 637 3202 intra
658 3152 736 3200 tecta
756 3141 867 3218 refugit,
1024 3157 1083 3217 50⁰

90 3221 293 3297 Successitque
314 3241 435 3298 gemens
457 3222 587 3294 stabulis,
610 3235 773 3299 questuque
794 3233 930 3282 cruentus

88 3303 188 3376 Atque
209 3301 378 3380 imploranti
400 3301 502 3364 similis
523 3315 633 3364 tectum
655 3322 744 3364 omne
764 3302 903 3380 replebat.
