2462 3678
125 105 182 160 ³32
378 81 414 140 P.
445 78 636 138 varam
651 77 860 136 MARONJS

126 207 277 270 Pectore
269 227 301 268 ιιι
320 208 444 268 adverso
465 216 561 266 totum
581 205 630 264 cui
651 204 818 263 comminus
839 224 943 264 ensem

127 287 271 361 Condidit
292 285 461 378 adsurgenti
481 297 511 346 et
531 287 625 376 multa
645 295 740 346 morte
760 285 881 360 recepit.

127 371 307 445 Purpuream
327 367 420 427 vomit
441 365 489 426 ille
510 363 640 425 animam
662 377 781 424 etcum
802 363 948 455 sanguine
967 362 1067 423 mixta

127 449 205 509 Vina
224 450 311 508 refert
331 447 472 520 moriens3
502 445 551 505 hic
570 448 648 504 furto
668 444 825 504 fervidus
817 456 914 503 mstat.
1076 458 1134 518 350

129 531 254 605 Iamque
273 528 312 587 ad
333 525 467 604 Messapi
487 523 585 586 socios
605 526 762 599 tendebat,
789 523 860 584 ibi
851 543 954 601 rgnem

129 611 265 668 Deficere
285 619 448 667 extremum
469 616 498 666 et
518 604 655 695 religatas
675 603 730 663 rite
749 604 870 664 videbat

130 691 258 764 Carpere
279 705 399 778 gramen
420 703 526 762 equos:
557 684 685 744 breviter
704 703 773 743 curn
794 684 864 743 talia
885 683 979 744 Nisus

130 767 240 846 (Sensit
261 767 340 826 enim
360 764 452 825 nimia
471 765 564 824 caede
585 775 674 855 atque
685 763 835 853 cupidine
855 762 935 841 feni)

132 847 343 908 ‘Absistemus’
365 845 413 917 ait,
438 851 520 904 ‘narn
540 843 618 904 lux
610 843 730 903 mimica
750 843 939 920 propinquat.
1075 859 1131 918 355

133 931 315 1018 ‘Poenarum
336 927 510 986 exhaustum
531 923 603 984 satis
623 935 683 996 est3
710 922 758 983 via
777 925 856 982 sacta
876 943 928 999 per
948 925 1075 983 hostes.¹

133 1008 230 1066 Multa
250 1006 342 1066 virum
363 1005 460 1065 solido
480 1014 603 1081 argento
624 1005 754 1080 perfecta
773 1002 945 1079 relinquunt

134 1091 281 1164 Armaque
301 1096 486 1161 craterasque
507 1084 594 1144 simul
614 1085 812 1160 pulchrosque
833 1093 956 1158 tapetas.

134 1167 277 1244 Euryalus
299 1166 432 1242 phaleras
453 1163 630 1223 Rhamnetis
651 1172 682 1222 et
702 1181 791 1222 aurea
810 1163 899 1222 bullis

133 1246 267 1323 Cingula,
288 1244 405 1304 Tiburti
425 1245 555 1304 Remulo
575 1243 736 1302 ditissimus
757 1242 827 1302 olim
1075 1243 1132 1316 360

133 1327 219 1400 Quae
239 1324 329 1385 mittit
349 1325 437 1396 dona,
459 1322 589 1400 hospitio
611 1342 679 1381 cum
700 1321 831 1398 iungeret
852 1323 970 1395 absens,

132 1405 293 1467 Caedicus:
321 1405 370 1463 ille
390 1423 445 1464 suo
466 1403 593 1464 moriens
613 1404 666 1462 dat
686 1404 794 1464 habere
814 1402 926 1478 nepoti,

134 1488 206 1546 Post
225 1496 351 1546 mortem
371 1485 452 1544 bello
472 1482 576 1542 Rutuli
597 1501 756 1560 pugnaque
775 1482 877 1558 potiti:

135 1568 221 1625 Haec
241 1567 316 1642 rapit
336 1576 425 1640 atque
446 1564 553 1624 umeris
574 1563 754 1640 nequiquam
775 1562 897 1623 fortibus
918 1573 1010 1639 aptat.

134 1648 212 1704 Tum
233 1648 346 1724 galeam
369 1643 501 1720 Messapi
522 1644 650 1703 habilem
671 1643 824 1719 cristisque
844 1643 985 1703 decoram
1073 1647 1126 1719 3⁶5

136 1725 245 1785 Induit
290 1725 452 1784 Excedunt·
466 1724 566 1784 castris
588 1735 619 1784 et
639 1733 703 1783 tuta
723 1735 887 1799 capessunt.

176 1808 296 1865 Interea
316 1803 468 1882 praemissi
488 1805 603 1880 equites
624 1824 661 1864 ex
681 1806 753 1862 urbe
774 1802 887 1875 Latina,

136 1888 244 1948 Cetera
265 1886 338 1945 dum
363 1883 440 1960 legio
462 1884 574 1960 campis
596 1883 737 1942 instructa
760 1893 897 1955 moratur,

137 1969 228 2026 Ibant
251 1975 281 2025 et
305 1969 407 2024 Turno
429 1964 490 2040 regi
514 1983 656 2040 responsa
679 1964 820 2034 ferebant,

137 2048 344 2117 Tercentum,
368 2044 473 2104 scutati
496 2063 608 2114 omnes,
634 2045 779 2103 Volcente
802 2042 949 2119 magistro.
1073 2061 1125 2118 370

137 2129 260 2203 Iamque
281 2124 522 2203 propinquabant
541 2123 643 2182 castris
663 2142 807 2199 muroque
829 2123 977 2197 subibant,

137 2208 213 2267 Cum
234 2207 338 2281 procul
358 2206 413 2265 hos
433 2206 519 2264 laevo
539 2205 692 2264 flectentes
712 2203 805 2263 limite
825 2215 959 2277 cernunt,

138 2289 177 2346 Et
197 2288 281 2362 galea
302 2287 460 2361 Euryalum
482 2283 620 2344 sublustri
640 2284 736 2342 noctis
756 2282 787 2342 in
807 2285 912 2343 umbra

138 2365 272 2425 Prodidit
292 2365 486 2424 inmemorem
506 2363 655 2438 radiisque
676 2364 798 2423 adversa
818 2363 936 2423 refulsit

29 2485 31 2489 ,
139 2447 232 2505 Haud
252 2456 362 2504 temere
385 2456 428 2503 est
447 2443 552 2503 visum.
596 2445 771 2503 Conclamat
791 2446 829 2503 ab
849 2443 967 2520 agmine
986 2446 1124 2504 Volcens:

140 2529 243 2599 ‘State
265 2522 325 2584 viri.
368 2525 454 2598 Quae
474 2523 668 2582 causariae?
695 2523 783 2598 quive
802 2523 871 2583 estis
892 2523 923 2580 in
943 2523 1053 2584 armis?
1072 2528 1124 2601 376

141 2610 264 2682 ‘Quove
284 2603 391 2664 tenetis
412 2603 500 2663 iterl’
542 2602 624 2662 Nihil
644 2602 685 2661 illi
706 2603 827 2662 tendere
848 2605 960 2675 contra,

139 2689 198 2748 Sed
218 2687 344 2746 celerare
364 2685 463 2760 fugam
484 2682 515 2742 in
535 2683 623 2743 silvas
644 2693 674 2742 et
695 2684 785 2743 fidere
805 2682 893 2743 nocti.

140 2767 280 2828 Obiciunt
302 2764 415 2854 equites
436 2781 500 2823 sese
520 2765 560 2822 ad
581 2761 705 2822 divortia
725 2774 797 2823 nota

140 2847 223 2906 Hinc
242 2857 330 2922 atque
351 2843 427 2916 hinc,
444 2861 622 2918 omnemque
642 2841 755 2901 abitum
775 2843 900 2902 custode
913 2855 1060 2903 coronant
1071 2847 1121 2920 380

139 2927 219 2986 Silva
239 2925 293 2985 fuit
314 2926 373 2984 late
394 2889 493 2983 dirmis
514 2933 603 2998 atque
624 2921 690 2980 ilice
710 2921 792 2998 nigra

141 3005 280 3077 Horrida,
302 3023 392 3080 quam
413 3003 498 3064 densi
519 3004 703 3092 complerant
724 3001 856 3077 undique
876 3012 989 3063 sentes
980 3047 989 3076 ,

141 3088 221 3144 Rara
241 3102 295 3158 per
315 3084 449 3142 occultos
469 3084 588 3142 lucebat
609 3081 713 3140 semita
734 3083 830 3141 calles.

141 3165 300 3252 Euryalum
321 3163 463 3220 tenebrae
483 3180 630 3220 ramorum
652 3179 836 3236 onerosaque
856 3163 966 3237 praeda

141 3241 316 3317 Impediunt
337 3239 471 3311 fallitque
492 3239 580 3297 timor
600 3239 719 3312 regione
740 3239 870 3298 viarum·
861 3285 871 3313 ,
1069 3247 1116 3320 385

141 3263 232 3378 Nisus
252 3316 322 3374 abit.
366 3317 493 3386 Iamque
513 3315 674 3387 inprudens
696 3329 828 3376 evaserat
849 3319 950 3379 hostes
