2462 3678
316 729 349 795 P.
379 728 579 793 VERGILI
611 729 831 794 MARONIS

235 910 843 1021 ,AENEIDOS

439 1109 566 1167 LIBER
594 1109 746 1168 NONUS.

49 1382 186 1450 ATQun
207 1399 243 1440 ea
262 1380 377 1441 diversa
395 1381 512 1459 penitus
533 1383 604 1442 dum
624 1394 707 1458 parte
727 1394 873 1459 geruntur,

54 1460 144 1518 Irim
167 1463 206 1521 de
227 1463 309 1520 caelo
330 1461 410 1521 misit
429 1461 563 1522 Saturnia
584 1463 662 1522 Iuno

57 1542 229 1600 Audacem
250 1543 289 1600 ad
309 1545 448 1600 Turnum.
493 1545 577 1602 Luco
597 1553 661 1601 tum
681 1544 756 1604 sorte
775 1544 904 1620 parentis

58 1619 206 1680 Pilumni
225 1623 343 1680 Turnus
364 1633 477 1681 sacrata
496 1624 572 1682 valle
593 1625 722 1682 sedebat.

57 1701 121 1759 Ad
143 1719 233 1776 quem
253 1700 296 1760 sic
315 1721 400 1761 roseo
420 1701 630 1761 Thaumantias
651 1722 701 1762 ore
721 1705 821 1763 locuta
841 1717 903 1765 est:
1046 1724 1061 1784 5

63 1783 202 1850 ‘Tume,
224 1783 305 1856 quod
326 1780 440 1858 optanti
461 1782 561 1842 divom
581 1783 751 1858 promittere
771 1803 860 1843 nemo

64 1862 234 1932 ‘Auderet
255 1863 402 1921 volvenda
422 1861 486 1921 dies
507 1881 545 1920 en
565 1863 661 1921 attulit
681 1865 765 1922 ultro.

67 1943 212 1999 ‘Aeneas
233 1942 305 2000 urbe
326 1953 356 2000 et
376 1941 462 2000 sociis
483 1953 513 2001 et
532 1943 625 2000 classe
646 1943 746 2001 relicta

68 2022 214 2096 ‘Sceptra
235 2021 360 2079 Palatini
381 2021 542 2096 sedemque
562 2021 636 2096 petit
658 2020 797 2080 Euandri.

68 2103 160 2160 ‘Nec
179 2100 266 2160 satis:
294 2111 438 2160 extremas
459 2101 581 2176 Corythi
601 2101 765 2176 penetravit
785 2100 824 2159 ad
844 2102 930 2161 urbes
1028 2123 1063 2160 10

69 2182 303 2255 ‘Lydorumque
324 2199 444 2241 manum
466 2182 605 2239 collectos
626 2191 719 2238 armat
739 2193 874 2256 agrestes.

71 2259 177 2333 ‘Quid
193 2260 333 2319 dubitas?
360 2278 439 2318 nunc
459 2271 575 2335 tempus
593 2279 694 2336 equos,
715 2279 794 2319 nunc
811 2280 933 2336 poscere
953 2281 1061 2320 currus,

72 2343 213 2416 ‘Rumpe
233 2359 330 2398 moras
351 2358 455 2399 omnes
475 2351 505 2398 et
525 2342 641 2400 turbata
661 2340 755 2416 arripe
776 2344 887 2401 castra’

73 2418 168 2490 Dixit,
190 2429 219 2478 et
240 2419 271 2477 iu
290 2420 405 2478 caelum
426 2418 544 2497 paribus
565 2440 596 2479 se
616 2421 731 2479 sustulit
751 2421 804 2481 alis
853 2423 857 2434 '

73 2502 291 2575 lugentemque
311 2501 380 2576 suga
400 2499 492 2558 secuit
513 2502 568 2558 sub
589 2500 716 2560 nubibus
735 2521 843 2560 arcum.
1026 2519 1060 2578 15

72 2578 228 2654 Adgnovit
248 2578 360 2638 iuvenis
381 2579 571 2655 duplicesque
592 2580 630 2638 ad
652 2580 747 2640 sidera
766 2583 880 2658 palmas

73 2657 207 2724 Sustulit,
228 2677 263 2717 ac
284 2659 334 2718 tali
354 2659 515 2735 fugientem
536 2671 581 2718 est
601 2679 674 2719 voce
695 2671 830 2720 secutus:

76 2737 145 2809 ‘Iri,
166 2738 256 2797 decus
277 2738 358 2812 caeli,
381 2739 446 2814 quis
466 2749 496 2797 te
516 2737 588 2798 mihi
608 2739 735 2798 nubibus
754 2749 851 2799 actam

77 2816 210 2876 ‘Detulit
229 2817 259 2876 in
281 2821 392 2878 terras?
418 2819 498 2877 unde
518 2819 592 2877 haec
612 2830 672 2878 tam
693 2819 771 2877 clara
789 2831 911 2894 repente

79 2899 290 2973 ‘Tempestasi
319 2897 451 2976 medium
472 2898 559 2958 video
578 2898 730 2956 discedere
750 2900 865 2956 caelum
1027 2919 1064 2958 20

79 2979 292 3052 ‘Palantesque
312 2980 383 3054 polo
404 2979 510 3038 stellas.
552 2979 666 3052 Sequor
686 2976 786 3036 omina
805 2988 894 3049 tanta,

79 3055 237 3131 ‘Quisquis
257 3057 288 3116 in
308 3077 389 3116 arma
408 3059 514 3117 vocas!
556 3059 594 3116 Et
614 3057 656 3115 sic
677 3059 780 3116 effatus
801 3059 840 3116 ad
860 3059 971 3118 undam

79 3135 223 3195 Processit
242 3156 417 3213 summoque
437 3136 534 3196 hausit
554 3137 592 3196 de
611 3137 722 3213 gurgite
742 3137 885 3214 lymphas,

81 3217 176 3275 Multa
196 3217 268 3275 deos
289 3237 384 3290 orans,
407 3217 597 3292 oneravitque
618 3220 737 3276 aethera
757 3217 838 3277 votis

119 3297 243 3371 lamque
264 3297 360 3355 omnis
382 3295 493 3371 campis
514 3296 655 3355 exercitus
676 3297 737 3356 ibat
757 3297 873 3372 apertis,
1028 3316 1063 3372 25

83 3374 171 3436 Dives
191 3394 310 3451 equom,
332 3376 415 3436 dives
435 3375 524 3450 pictai
543 3376 631 3434 vestis
651 3387 681 3434 et
700 3375 762 3434 auri
770 3395 781 3449 3

872 3495 966 3530 21-—2
