2462 3678
366 87 605 146 Arantinos
628 88 715 146 rra
746 89 814 148 Vll.
1034 115 1088 173 297

47 213 211 275 Deserit
232 213 418 291 Hesperiam,
442 225 471 274 et
491 213 566 274 caeli
587 233 730 274 conversa
749 233 804 290 per
824 233 909 274 auras

47 297 241 355 Iunonem
261 295 364 355 victrix
384 295 500 354 adfatur
519 314 593 354 voce
614 296 758 370 superba:

51 379 66 409 ‘
84 379 166 449 En,
189 377 318 452 perfecta
338 375 393 434 tibi
413 376 491 435 bello
513 375 661 434 discordia
681 373 775 435 tristi:

54 457 168 514 ‘Dic
189 456 220 514 in
240 455 401 515 amicitiam
422 468 537 527 coeant,
560 466 589 515 et
610 456 732 515 foedera
751 454 882 531 iungant.

54 540 68 569 ‘
87 535 362 611 Quandoquidem
383 536 517 595 Ausonio
537 535 662 612 respersi
682 534 823 612 sanguine
844 539 986 610 Teucros,

58 621 71 649 ‘
91 619 182 674 Hoc
202 615 291 674 etiam
312 615 358 675 his
378 617 496 688 addam,
520 627 571 674 tua
591 615 616 674 si
636 615 709 674 mihi
729 626 809 675 certa
828 618 964 677 voluntas
973 640 982 692 3

60 694 264 754 ‘Finitimas
284 696 313 754 in
336 697 415 756 bella
434 698 525 756 feram
546 695 711 755 rumoribus
730 698 827 769 urbes,

63 776 340 852 ‘Accendamque
360 776 476 836 animos
496 776 592 835 insani
614 775 718 835 Martis
739 795 848 847 amore,
1028 796 1087 856 55ο

65 855 252 932 ‘Undique
273 867 307 915 ut
326 856 435 916 auxilio
454 857 575 916 veniant
583 877 592 931 3
613 875 748 932 spargam
768 876 851 915 arma
870 875 924 932 per
942 862 1046 934 agros'

61 938 170 994 Tum
191 947 293 995 contra
314 938 410 997 Iuno:
433 939 609 997 ‘Terrorum
630 948 660 996 et
679 937 790 996 fraudis
810 936 930 997 abunde
951 950 1003 997 est.

68 1018 193 1075 ‘Stant
213 1016 283 1075 belli
303 1035 428 1077 causae:
449 1029 596 1094 pugnatur
615 1016 782 1076 comminus
802 1017 898 1076 armis.

67 1097 195 1170 ‘Quae
214 1098 274 1156 fors
295 1096 388 1173 prima
409 1097 500 1170 dedit,
523 1097 639 1172 sanguis
661 1115 756 1156 novus
777 1096 881 1157 imbuit
902 1117 990 1156 arma.

70 1175 193 1234 ‘Talia
213 1176 350 1253 coniugia
370 1189 400 1237 et
419 1180 494 1237 tales
514 1178 663 1237 celebrent
683 1178 864 1253 hymenaeos
1027 1195 1083 1256 555

71 1255 266 1333 ‘Egregium
287 1257 411 1316 Veneris
431 1277 524 1335 genus
546 1269 575 1317 et
595 1277 646 1316 rex
666 1256 729 1333 ipse
751 1257 882 1316 Latinus.

73 1338 152 1396 ‘Te
173 1355 260 1412 super
280 1338 424 1397 aetherias
445 1357 540 1397 errare
560 1337 697 1396 licentius
717 1356 803 1396 auras

75 1417 200 1475 ‘Haud
223 1420 309 1477 Pater
329 1418 377 1477 ille
396 1418 476 1490 velit,
498 1418 605 1477 summi
626 1428 763 1494 regnator
783 1417 911 1494 Olympi.

75 1498 190 1558 ‘Cede
211 1497 291 1556 locis.
335 1500 407 1575 Eg0,
431 1498 536 1574 siqua
556 1516 643 1574 super
662 1499 780 1557 fortuna
800 1499 934 1558 laborum
956 1511 1008 1572 est,

77 1577 177 1653 ‘Ipsa
198 1579 313 1654 regam!
354 1580 444 1638 Tales
465 1578 588 1637 dederat
609 1578 744 1638 Saturnia
763 1597 860 1638 voees.
1025 1583 1082 1656 560

77 1659 146 1715 Illa
165 1669 265 1716 autem
285 1660 392 1718 attollit
411 1658 567 1717 stridentes
587 1659 732 1736 anguibus
753 1661 823 1732 alas,

78 1737 253 1814 Cocytique
273 1737 345 1814 petit
376 1739 487 1810 sedem,
510 1758 615 1814 supera
635 1740 727 1798 ardua
747 1738 892 1814 linquens.

79 1820 142 1876 Est
162 1819 245 1877 locus
266 1819 371 1878 Italiae
391 1818 492 1879 medio
513 1820 568 1878 sub
589 1819 741 1879 montibus
761 1820 834 1892 altis,

81 1897 206 1957 Nobilis
227 1900 355 1958 etfama
376 1899 474 1959 multis
495 1911 674 1959 memoratus
694 1900 726 1958 in
747 1900 814 1972 oris,

80 1978 261 2054 Ampsancti
280 1980 370 2039 valles
380 2003 388 2054 ;
411 1980 511 2040 densis
531 1980 611 2038 hunc
631 1980 786 2040 frondibus
806 1989 902 2038 atrurn
1024 1984 1080 2056 565

81 2059 203 2134 Urguet
223 2059 367 2136 utrimque
388 2062 464 2119 latus
485 2060 620 2132 nemoris,
643 2060 802 2135 medioque
822 2061 954 2136 fragosus

83 2141 148 2197 Dat
169 2139 298 2198 sonitum
318 2140 395 2199 saxis
415 2151 445 2200 et
465 2151 543 2200 torto
563 2141 672 2201 vertice
692 2151 813 2199 torrens.
945 2211 947 2216 ,

83 2219 149 2277 Hic
169 2238 276 2295 specus
295 2221 475 2280 horrendum
496 2231 527 2280 et
547 2221 625 2280 saevi
647 2221 792 2297 spiracula
813 2218 890 2278 Ditis

84 2301 299 2372 Monstrantur,
321 2311 467 2377 ruptoque
488 2300 591 2377 ingens
611 2302 781 2360 Acheronte
801 2319 911 2376 vorago

84 2378 242 2438 Pestiferas
262 2383 356 2456 aperit
375 2383 491 2440 fauces:
513 2381 579 2456 quis
599 2381 720 2440 condita
741 2380 854 2458 Erinys,
1024 2398 1081 2457 570

85 2458 220 2517 Invisum
240 2479 360 2532 numen,
383 2472 473 2520 terras
494 2462 669 2537 caelumque
689 2462 812 2522 levabat.

127 2541 193 2598 Nec
214 2540 309 2600 minus
329 2541 441 2601 interea
460 2551 619 2600 extremam
641 2541 775 2600 Saturnia
795 2543 874 2601 bello

85 2619 219 2694 Imponit
239 2621 338 2697 regina
359 2640 488 2680 manum.
532 2622 605 2680 Ruit
626 2622 723 2681 omnis
743 2621 774 2680 in
795 2623 896 2681 urbem

85 2703 240 2760 Pastorum
262 2721 298 2760 ex
317 2701 380 2760 acie
401 2721 548 2773 numerus,
570 2720 731 2776 caesosque
751 2712 901 2777 reportant

85 2781 243 2840 Almonem
263 2801 395 2857 puerum,
417 2781 589 2857 foedatique
610 2801 662 2840 ora
683 2782 819 2855 Galaesi;
1022 2796 1078 2854 575

87 2860 309 2936 Implorantque
330 2862 411 2932 deos,
434 2863 676 2936 obtestanturque
699 2859 845 2918 Latinum

86 2942 202 2999 Turnus
224 2943 317 3014 adest,
339 2941 498 3017 medioque
519 2941 549 2999 in
572 2940 693 3000 crimine
714 2939 812 2998 caedis
833 2949 863 2998 et
884 2938 944 3015 igni

86 3022 239 3080 Terrorem
260 3021 440 3096 ingeminat:
460 3023 593 3080 Teucros
614 3021 645 3079 in
665 3039 755 3096 regna
775 3017 873 3078 vocari
883 3042 891 3094 ;

88 3099 210 3176 Stirpem
231 3100 388 3160 admisceri
409 3101 582 3176 Phrygiam;
604 3119 635 3159 se
657 3100 758 3158 limine
779 3099 858 3176 pelli.

87 3181 169 3250 Tum,
193 3199 318 3255 quorum
338 3180 480 3239 attonitae
503 3182 621 3239 Baccho
643 3199 764 3239 nemora
785 3179 850 3238 avia
871 3190 979 3238 matres
1022 3181 1079 3253 580

90 3261 231 3318 Insultant
252 3259 362 3332 thiasis,
385 3261 492 3336 (neque
514 3260 592 3319 enim
614 3262 677 3318 leve
698 3279 809 3319 nomen
829 3260 979 3335 Amatae,)

89 3339 227 3413 Undique
247 3340 365 3398 collecti
385 3353 502 3411 coeunt,
526 3342 713 3415 Martemque
734 3340 863 3416 fatigant.
