2468 3692
158 100 214 158 37²
408 81 444 140 Ρ.
480 79 670 138 Verrem!
690 80 903 140 MARONJS

157 204 289 282 Agmina
331 205 414 279 Quae
434 215 589 280 postquam
609 217 716 264 matres
736 207 892 264 succedere
912 205 1000 264 tectis

158 285 307 354 Viderunt,
329 294 469 342 maestam
489 284 650 342 incendunt
670 284 844 342 clamoribus
863 286 976 342 urbem

156 365 196 421 At
216 381 276 422 non
298 363 466 422 Euandrum
486 362 563 437 potis
583 373 628 420 est
646 363 690 420 vis
709 365 769 420 ulla
788 372 886 422 tenere
896 383 905 434 3

157 441 214 500 Sed
235 441 364 500 venitin
386 441 505 500 medios
549 442 667 500 Feretro
688 443 819 500 Pallanta
838 452 958 516 reposto

157 519 314 579 Procubuit
330 539 423 594 super,
438 530 526 594 atque
539 521 637 577 haeret
654 519 865 594 lacrimansque
878 539 1068 596 gemensque,
1083 536 1132 594 150

158 601 196 656 lit
216 599 262 657 via
282 597 330 656 vix
349 599 468 657 tandem
488 597 554 656 voci
575 599 669 656 laxata
689 598 789 657 dolore
810 608 870 657 est:

159 679 246 735 ‘Non
266 678 348 746 haec,
369 695 388 734 o
409 677 498 748 Palla,
520 677 642 734 dederas
662 675 804 752 promissa
823 676 946 750 parenti,

158 755 297 815 ‘Cautius
316 767 348 813 ut
369 773 456 813 saevo
477 757 566 813 velles
587 767 616 812 te
637 756 754 813 credere
776 757 880 812 Marti!

158 835 266 892 ‘Haud
286 833 401 909 ignarus
421 853 508 905 eram,
531 844 671 908 quantum
692 852 769 891 nova
788 833 879 908 gloria
899 833 930 890 in
951 835 1048 907 armis,

158 913 214 970 ‘Et
233 914 389 987 praedulce
410 912 499 970 decus
520 911 613 986 primo
635 911 792 970 certamine
812 922 919 986 posset.
1086 928 1133 987 155

158 990 321 1049 ‘Primitiae
340 990 452 1049 iuvenis
472 990 602 1062 miserae,
624 991 751 1065 bellique
770 989 926 1065 propinqui

158 1072 259 1127 ‘Dura
278 1069 459 1128 rudimenta!
481 1080 510 1128 et
530 1069 601 1126 nulli
622 1070 758 1128 exaudita
778 1070 898 1127 deorum

158 1151 253 1207 ‘Vota
272 1167 430 1223 precesque
451 1152 551 1205 meae!
573 1158 670 1222 tuque,
692 1166 711 1206 o
732 1147 913 1205 sanctissima
932 1146 1071 1221 coniunx,

158 1227 257 1284 ‘Felix
277 1237 369 1284 morte
390 1238 448 1298 tua,
469 1244 565 1299 neque
585 1226 616 1282 in
635 1227 714 1284 hunc
735 1236 847 1283 servata
867 1227 1019 1284 dolorem!

158 1307 287 1364 ‘Contra
306 1323 361 1380 ego
382 1304 508 1363 vivendo
528 1303 583 1362 vici
604 1323 670 1362 mea
688 1307 756 1374 fata,
778 1315 922 1379 superstes
1084 1310 1136 1364 160

159 1386 327 1441 ‘Restarem
347 1394 379 1442 ut
399 1382 519 1457 genitor.
561 1385 672 1441 Troum
693 1383 773 1441 socia
792 1402 871 1440 arma
891 1393 1024 1440 secutum

159 1464 338 1520 ‘Obruerent
359 1462 458 1519 Rutuli
480 1461 562 1519 telis!
582 1461 709 1519 animam
729 1461 792 1535 ipse
813 1461 968 1533 dedissem,

160 1544 272 1614 ‘Atque
292 1541 365 1599 haec
384 1559 492 1615 pompa
512 1541 633 1597 domum
653 1559 709 1611 me,
731 1559 791 1598 non
813 1541 952 1610 Pallanta,
974 1541 1111 1599 referret!
1210 1555 1211 1628 ζ

159 1621 241 1676 ‘Nec
261 1637 313 1676 vos
333 1619 481 1694 arguerim,
504 1618 617 1689 Teucri,
639 1638 694 1677 nec
714 1620 839 1690 foedera,
861 1637 917 1676 nec
937 1637 1010 1693 quas
1029 1663 1036 1673 ,

159 1695 327 1755 ‘iunximus
347 1696 475 1770 hospitio
495 1698 609 1756 dextras
619 1718 628 1770 3
649 1716 710 1755 sors
730 1697 785 1755 ista
806 1709 940 1755 senectae
1083 1700 1134 1772 165
1210 1689 1211 1760 J

159 1775 285 1834 ‘Debita
306 1786 365 1834 erat
386 1787 510 1834 nostrae.
553 1776 643 1848 Quod
664 1775 687 1834 si
708 1776 850 1833 inmatura
869 1776 1008 1834 manebat

160 1857 260 1912 ‘Mors
280 1866 389 1926 natum,
411 1854 503 1912 caesis
524 1855 698 1912 Volscorum
718 1854 844 1912 millibus
864 1866 941 1924 ante,

160 1935 344 1991 ‘Ducentem
365 1933 395 1990 in
416 1932 532 1990 Latium
553 1936 682 1991 Teucros
702 1931 842 1990 cecidisse
863 1933 980 1991 iuvabit

159 2010 255 2085 ‘Quin
276 2030 331 2086 ego
351 2029 411 2068 non
432 2011 489 2068 alio
510 2011 611 2086 digner
631 2022 659 2069 te
679 2014 787 2082 funere,
810 2012 897 2083 Palla,

158 2092 273 2162 ‘Quam
293 2090 358 2164 pius
375 2091 499 2162 Aeneas,
518 2101 547 2148 et
568 2109 655 2164 quam
672 2091 770 2165 magni
789 2091 915 2164 Phryges
932 2099 962 2147 et
981 2108 1070 2164 quam
1083 2107 1138 2164 170

159 2167 376 2243 ‘Tyrrhenique
396 2169 493 2238 duces,
515 2169 698 2244 Tyrrhenum
719 2168 858 2227 exercitus
879 2168 981 2226 omnis.

159 2249 289 2322 ‘Magna
309 2257 429 2322 tropaea
449 2248 551 2318 ferunt,
573 2266 646 2322 quos
667 2248 718 2305 dat
738 2257 787 2304 tua
808 2247 927 2304 dextera
948 2248 1008 2305 leto
1018 2268 1027 2318 ;

159 2328 224 2382 ‘Tu
245 2344 362 2400 quoque
383 2343 461 2382 nunc
482 2336 571 2383 stares
591 2325 716 2383 inmanis
734 2325 854 2383 'truncus
874 2324 904 2383 in
925 2327 1022 2398 armis,

160 2405 263 2462 ‘Esset
283 2423 336 2478 par
356 2414 435 2462 aetas
457 2415 485 2462 et
505 2402 584 2462 idem
604 2403 629 2462 si
649 2405 736 2462 robur
755 2406 793 2462 ab
813 2403 905 2474 annis,

160 2484 205 2538 ‘T
207 2500 285 2539 ume.
326 2483 384 2540 Sed
404 2481 503 2539 infelix
523 2485 652 2541 Teucros
673 2483 742 2556 quid
764 2482 898 2540 demoror
917 2481 1029 2541 amris?
1085 2499 1136 2560 175
1210 2467 1211 2480 ἵ

160 2559 293 2631 ‘Vadite
316 2571 344 2619 et
364 2561 437 2619 haec
457 2580 601 2620 memores
621 2562 680 2636 regi
701 2562 838 2618 mandata
859 2561 977 2619 referte:

160 2637 270 2712 ‘Quod
291 2639 379 2698 vitam
399 2658 497 2698 moror
516 2640 648 2709 invisam,
672 2641 802 2697 Pallante
822 2650 962 2714 peremt0,

159 2721 306 2777 ‘Dextera
326 2737 413 2776 causa
433 2728 483 2776 tua
504 2729 555 2790 est,
576 2721 708 2775 Turnum
728 2728 857 2792 natoque
876 2717 1011 2791 patrique

160 2797 274 2870 ‘Quam
295 2799 401 2856 debere
421 2797 511 2854 vides.
554 2797 667 2855 Meritis
687 2807 771 2854 vacat
790 2796 839 2852 hic
858 2794 911 2853 tibi
932 2797 1014 2854 solus

160 2877 381 2950 ‘Fortunaeque
401 2877 490 2932 locus.
533 2877 604 2933 Non
623 2875 700 2933 vitae
720 2875 826 2950 gaudia
846 2892 962 2948 quaero,
1086 2880 1138 2934 180

158 2955 241 3008 ‘Nec
261 2956 322 3011 las:
343 2954 395 3011 sed
416 2964 485 3011 nato
506 2972 606 3012 manes
626 2955 750 3028 perferre
770 2954 824 3011 sub
845 2952 938 3010 imos!

198 3030 310 3085 Aurora
329 3031 438 3087 interea
458 3031 569 3089 miseris
590 3031 759 3090 mortalibus
779 3033 886 3089 almam

160 3103 306 3164 Extulerat
326 3106 429 3176 lucem,
451 3110 576 3166 referens
597 3128 685 3182 opera
705 3121 794 3184 atque
813 3111 935 3167 labores

160 3177 223 3228 Iam
243 3189 324 3258 pater
343 3182 466 3252 Aeneas,
487 3184 545 3240 iam
566 3205 654 3243 curvo
675 3187 705 3243 in
726 3188 810 3246 litore
829 3187 964 3246 Tarchon

160 3249 342 3308 Constituere
362 3272 463 3328 pyras:
484 3261 541 3316 huc
563 3281 685 3336 corpora
706 3267 828 3342 quisque
848 3284 968 3324 suorum
1087 3269 1136 3342 ¹35
