2460 3686
343 109 603 168 -AENEIDOS
627 111 713 168 ΠΒ.
743 111 806 169 JJL
1026 128 1079 168 211

77 233 185 292 ‘Pube
206 242 306 304 tenus·
322 243 472 310 postrema
492 232 615 292 immani
634 253 756 309 corpore
776 234 879 310 pistrix

75 311 286 387 ‘Delphinum
307 315 417 372 caudas
438 325 522 372 utero
543 313 701 372 commissa
720 317 865 390 luporum.

73 394 234 452 ‘Praestat
254 392 399 451 Trinacrii
417 404 510 452 metas
531 395 653 453 lustrare
674 395 806 471 Pachyni

73 475 276 533 ‘Cessantem
297 475 402 549 longos
424 484 454 532 et
474 474 701 534 circumflectere
722 495 830 547 cursus
1020 497 1078 552 430

73 554 200 627 ‘Quam
222 555 313 613 semel
333 553 488 614 informem
509 567 593 613 vasto
614 554 722 613 vidisse
742 559 798 614 sub
819 567 904 616 antro

73 635 228 709 ‘Scyllam
248 644 279 693 et
299 633 438 692 caeruleis
460 634 584 693 canibus
604 635 773 694 resonantia
793 655 869 696 saxa.

73 716 256 773 ‘Praeterea
276 713 301 773 si
322 733 381 790 qua
401 725 446 773 est
468 717 589 774 Heleno
610 713 765 790 prudentia
786 715 853 789 vati,

73 793 129 853 ‘Si
150 812 211 869 qua
231 796 313 867 fides,
336 795 468 852 animum
489 794 513 852 si
533 793 608 853 veris
629 794 733 870 implet
753 798 871 871 Apollo,

71 875 204 933 ‘Unum
224 872 296 932 illud
317 875 379 946 tibi,
402 885 471 933 nate
492 876 556 944 dea,
578 894 691 950 proque
713 877 850 935 omnibus
871 897 963 936 unum
1019 895 1074 954 435

72 954 274 1014 ‘Praedicam
295 964 324 1012 et
344 967 481 1030 repetens
500 954 666 1030 iterumque
687 954 851 1031 iterumque
872 959 1022 1017 monebo:

73 1035 225 1092 ‘Iunonis
246 1053 371 1110 magnae
391 1035 517 1111 primurn
538 1053 625 1110 prece
647 1055 758 1093 numen
778 1037 878 1107 adora,

73 1113 210 1173 ‘Iunoni
231 1133 304 1173 cane
324 1125 394 1173 vota
413 1115 509 1174 libens
530 1115 743 1189 dominamque
763 1127 916 1190 potentem

72 1194 290 1270 ‘Supplicibus
312 1214 419 1270 supera
440 1194 544 1268 donis;
572 1194 614 1254 sic
634 1195 763 1271 denique
784 1195 877 1254 victor

73 1274 250 1333 ‘Trinacria
270 1277 343 1334 fines
365 1277 456 1334 Italos
477 1275 593 1334 mittere
612 1275 720 1335 relicta.
887 1305 896 1314 ·
1017 1297 1075 1349 440

75 1357 173 1413 ‘Huc
193 1354 243 1414 ubi
264 1356 378 1414 delatus
400 1357 560 1431 Cymaeam
581 1355 737 1414 accesseris
758 1357 862 1416 urbem

76 1434 285 1510 ‘Divinosque
305 1438 385 1494 lacus
406 1448 435 1494 et
456 1439 573 1494 Averna
593 1437 728 1495 sonantia
748 1437 835 1510 silviS,

76 1519 240 1574 ‘Insanam
260 1527 357 1574 vatem
379 1515 535 1592 adspicies
558 1535 633 1592 quae
653 1536 725 1595 rupe
745 1520 801 1577 sub
822 1517 882 1577 ima

77 1598 174 1654 ‘Fata
193 1596 272 1654 canit
292 1595 429 1671 foliisque
449 1608 535 1655 notas
556 1608 586 1655 et
606 1597 728 1655 nomina
747 1600 876 1658 mandat.

77 1677 312 1788 ‘Quaecumque
332 1677 363 1734 in
384 1675 460 1734 foliis
482 1676 636 1752 descripsit
656 1677 786 1736 carmina
806 1677 896 1753 virgo,
1016 1693 1073 1754 445

77 1755 242 1831 ‘Digerit
234 1776 265 1814 m
286 1775 440 1815 numerum
460 1767 551 1831 atque
571 1767 622 1815 ant
622 1777 655 1815 ro
611 1759 791 1816 tseclusa
810 1757 955 1830 relinquit

78 1837 155 1895 ‘Illa
175 1846 296 1895 manent
316 1836 440 1896 immota
459 1836 532 1896 locis
553 1856 651 1913 neque
671 1838 710 1896 ab
731 1837 834 1897 ordine
855 1839 972 1896 cedunt

77 1919 210 1975 ‘Verum
231 1907 345 1989 eadem,
365 1937 450 1976 verso
471 1915 567 1976 tenuis
588 1937 655 1975 cum
676 1917 796 1976 cardine
816 1928 921 1976 ventus

78 1996 222 2072 ‘Impulit
243 2007 272 2055 et
292 2008 409 2057 teneras
430 1997 586 2056 turbavit
547 2008 667 2055 tranua
687 1999 816 2070 frondes

77 2080 201 2152 Num<
202 2097 270 2134 uam
290 2077 401 2136 deinde
421 2097 494 2136 cavo
515 2078 669 2136 volitantia
689 2047 833 2166 prendere
854 2097 924 2136 saxo
1016 2095 1074 2153 450

79 2160 165 2216 ‘Nec
185 2176 322 2216 revocare
342 2157 413 2216 situs
434 2168 484 2216 aut
505 2157 624 2233 iungere
645 2157 776 2217 carmina
796 2169 891 2216 curat:

78 2236 264 2296 ‘Inconsulti
284 2240 394 2296 abeunt
415 2239 577 2314 sedemque
598 2239 688 2297 odere
709 2237 864 2314 Sibyllae.-

78 2317 161 2377 ‘Hic
180 2316 263 2376 tibi
255 2336 293 2376 ne
314 2337 374 2409 qua
394 2337 495 2378 morae
515 2319 621 2377 suerint
623 2317 797 2409 ‘dispendia
818 2317 899 2389 tanti,

78 2397 270 2472 ‘Quamvis'
262 2399 372 2473 increpi
376 2409 438 2456 tent
459 2398 531 2457 socii
553 2409 582 2457 et
602 2397 630 2456 vi
652 2418 752 2457 cursus
773 2398 803 2456 in
825 2401 916 2458 altum
962 2453 964 2456 .

80 2480 173 2537 ‘Vela
193 2489 279 2536 vocet
299 2478 453 2554 possisque
474 2479 554 2537 sinus
575 2477 697 2554 implere
718 2480 871 2548 secundos,
1015 2495 1072 2556 455

80 2558 179 2632 ‘Quin
199 2559 289 2617 adeas
309 2569 407 2616 vatem
428 2559 623 2634 precibusque
644 2560 761 2618 oracula
781 2578 887 2634 poscas

80 2641 168 2714 ‘Ipsa
188 2649 275 2696 canat
295 2658 459 2714 vocemque
480 2641 581 2698 volens
603 2651 692 2714 atque
713 2658 764 2698 ora
784 2641 919 2698 resolvat.

78 2720 155 2777 ‘Illa
175 2719 228 2776 tibi
250 2717 352 2777 Italiae
374 2721 501 2795 populos
522 2729 703 2795 venturaque
724 2721 810 2790 bella,

79 2801 138 2857 ‘Et
159 2817 220 2873 quo
241 2817 390 2874 quemque
410 2801 502 2858 modo
522 2796 675 2874 fugiasque
695 2800 830 2873 ferasque
851 2798 991 2870 laborem,

79 2877 254 2954 ‘Expediet,
275 2898 435 2954 cursusque
456 2878 539 2938 dabit
559 2888 697 2937 venerata
717 2878 870 2936 secundos.
1015 2880 1073 2950 460

79 2961 184 3018 ‘Haec
205 2969 281 3029 sunt,
303 2978 379 3034 quae
400 2970 501 3018 nostra
520 2959 607 3018 liceat
628 2969 657 3017 te
677 2977 752 3016 voce
773 2956 895 3017 moneri.

80 3039 182 3098 ‘Vade
202 3057 257 3115 age
278 3049 308 3098 et
328 3038 478 3116 ingentem
498 3039 581 3098 factis
602 3040 645 3097 fer
665 3039 703 3097 ad
724 3039 844 3098 aethera
864 3037 1003 3096 Troiam!
1070 3067 1072 3072 .

119 3120 206 3194 Quae
227 3129 384 3194 postquam
406 3130 487 3179 vates
508 3119 551 3178 sic
571 3138 621 3177 ore
643 3119 746 3177 effatus
767 3119 863 3177 amico
886 3129 938 3189 est,

81 3203 170 3258 Dona
191 3199 300 3257 dehinc
321 3218 392 3258 auro
413 3197 511 3276 gravia
532 3210 672 3274 sectoque
694 3200 853 3274 elephanto

81 3281 214 3354 Imperat
234 3280 273 3337 ad
294 3298 385 3338 naves
404 3278 480 3349 ferri,
503 3277 649 3352 stipatque
669 3277 774 3336 carinis
1016 3279 1071 3352 465

80 3361 188 3441 Ingens
209 3368 361 3435 argentum
383 3358 625 3431 Dodonaeosque
645 3358 765 3424 lebetas,

886 3447 979 3496 14—2
