2468 3692
146 117 205 176 ³70
396 97 433 154 a
469 95 660 154 Varum
680 93 892 188 MAxorsz

147 227 374 299 numerosque
394 233 473 282 toros
495 225 615 282 obtentu
635 221 745 281 frondis
766 221 939 280 inumbrant

149 302 236 362 Hic
228 320 362 390 iuvenem
383 299 487 376 agresti
506 300 659 359 sublimem
680 300 815 358 stramine
836 309 970 374 ponunt3

148 381 272 456 Qualem
291 378 419 454 virgineo
439 380 602 438 demessum
622 378 729 452 pollice
749 379 879 438 florem

149 461 206 518 Seu
226 457 320 516 mollis
339 457 442 528 violae,
464 475 514 514 seu
534 456 696 530 languentis
715 453 871 530 hyacinthi,
938 453 939 456 ’

149 537 205 598 Cui
225 553 320 611 neque
340 535 432 609 fulgor
451 533 554 602 adhuc,
575 553 631 592 nec
651 535 720 591 dum
741 552 792 591 sua
812 534 904 591 forma
923 531 1063 606 recessit;
1087 549 1123 604 70

149 613 247 674 Nou
240 633 297 672 ram
317 625 409 672 mater
428 611 478 670 alit
498 613 591 681 tellus,
612 611 744 686 viresque
764 609 912 669 ministrat

149 695 235 752 Tunc
254 689 382 766 geminas
402 700 497 748 vestes
516 708 644 762 auroque
665 701 800 763 ostroque
820 688 946 764 rigentes

151 769 261 830 Extulit
281 771 403 838 Aeneas,
425 785 496 842 quas
516 766 557 825 illi
576 769 651 825 laeta
671 768 801 824 laborum

152 851 221 924 Ipsa
240 847 298 906 suis
318 845 466 933 quondam
486 845 620 904 manibus
640 844 758 903 Sidonia
778 844 858 902 Dido

152 928 280 997 Fecerat,
302 935 331 982 et
351 923 430 982 tenui
453 925 524 980 telas
545 922 717 981 discreverat
737 941 814 980 auro.
1088 937 1123 999 75
1215 937 1216 954 ¹

154 1007 268 1062 Harum
288 1021 376 1060 unam
395 1000 491 1059 iuveni
512 1019 675 1075 supremum
696 1010 821 1058 maestus
841 1001 985 1060 honorem

154 1082 264 1153 Induit,
285 1098 452 1154 arsurasque
472 1097 571 1137 comas
591 1077 713 1137 obnubit
734 1078 860 1149 amictu;

155 1162 307 1233 Multaque
329 1167 476 1234 praeterea
495 1155 645 1214 Laurentis
664 1156 792 1230 praemia
807 1175 921 1231 pugnae

152 1242 286 1314 Aggerat,
310 1247 339 1294 et
359 1237 446 1310 longo
466 1236 603 1309 praedam
623 1234 703 1292 iubet
723 1234 824 1292 ordine
844 1236 918 1293 duci

154 1316 245 1375 Addit
266 1332 357 1389 equos
377 1325 406 1371 et
426 1314 491 1384 tela,
513 1312 618 1387 quibus
639 1312 809 1386 spoliaverat
829 1314 894 1372 host
883 1325 950 1372 tem.
1091 1316 1129 1372 80

102 1407 105 1415 '
154 1393 293 1452 Vinxerat
314 1402 342 1450 et
362 1400 428 1466 post
448 1401 527 1465 terga
547 1409 659 1460 manus,
681 1409 755 1463 quos
775 1391 900 1449 mitteret
920 1389 1032 1449 umbris

156 1470 284 1540 Inferias,
306 1488 391 1527 caeso
411 1487 558 1544 sparsurus
578 1467 716 1542 sanguine
736 1469 897 1539 flammam3

156 1551 339 1623 Indutosque
352 1547 432 1605 iubet
452 1557 569 1634 truncos
589 1544 741 1604 hostilibus
760 1545 845 1604 armis

156 1631 242 1702 Ipsos
261 1628 334 1684 ferre
354 1623 480 1695 duces,
472 1623 647 1698 inimicaque
667 1623 786 1681 nomina
804 1623 861 1698 figi.

157 1705 280 1763 Ducitur
298 1703 395 1761 infelix
415 1720 486 1760 aevo
506 1704 654 1760 confectus
676 1705 809 1771 Acoetes,
1091 1705 1126 1779 85

158 1786 280 1842 Pectora
299 1800 378 1839 nunc
397 1781 517 1838 foedans
537 1780 650 1854 pugnis,
670 1797 749 1837 nunc
768 1779 913 1854 unguibus
933 1799 1003 1852 oraJ

158 1860 298 1918 Sternitur
317 1869 346 1918 et
366 1868 428 1917 toto
448 1857 592 1932 proiectus
612 1876 731 1932 corpore
755 1868 853 1916 terrae.

160 1941 279 1997 Ducunt
300 1948 328 1996 et
349 1937 459 1994 Rutulo
479 1937 607 2010 perfusos
629 1935 766 2008 sanguine
786 1955 892 1994 currus.

159 2020 229 2076 Post
249 2016 370 2074 bellator
390 2032 490 2087 equus,
512 2013 612 2087 positis
632 2013 799 2088 insignibus,
820 2016 940 2073 Aethon

159 2097 189 2153 It
207 2092 368 2162 lacrimans,
389 2092 534 2166 guttisque
554 2091 701 2148 humectat
720 2091 877 2166 grandibus
898 2111 955 2152 ora
1096 2113 1133 2168 90

160 2174 285 2230 Hastam
305 2168 354 2227 alii
373 2171 543 2244 galeamque
563 2173 674 2238 ferunt;
696 2187 763 2226 nam
784 2180 879 2228 cetera
898 2173 1015 2231 Turnus

159 2249 261 2307 Victor
279 2248 374 2306 habet
409 2249 487 2304 Tum
508 2258 617 2304 maesta
623 2247 762 2335 phalanx
782 2249 943 2338 Teucrique
964 2263 1133 2326 sequuntur,

159 2325 358 2402 Tyrrhenique
378 2343 488 2412 omnes,
510 2335 539 2382 et
558 2323 645 2382 versis
666 2327 794 2384 Arcades
814 2326 907 2385 armis.

161 2408 321 2478 Postquam
342 2401 436 2461 omnis
455 2368 541 2476 longe
562 2402 700 2460 comitum
720 2416 897 2478 processerat
916 2407 998 2478 ordo,

160 2482 292 2542 Substitit
312 2485 435 2550 Aeneas,
455 2481 621 2554 gemituque
641 2481 713 2538 haec
732 2482 846 2540 addidit
865 2484 941 2543 alto:

162 2563 243 2620 ‘Nos
263 2559 334 2618 alias
353 2558 422 2616 hinc
441 2559 479 2616 ad
500 2557 631 2616 lacrimas
651 2559 754 2617 eadem
774 2561 890 2618 horrida
909 2562 978 2621 belli
1215 2615 1216 2624 ,

162 2642 252 2698 ‘Fata
270 2647 383 2697 vocant.
425 2638 508 2694 Salve
529 2646 676 2694 aeternum
696 2637 775 2707 mihi,
796 2639 922 2698 maxime
943 2643 1035 2716 Palla,
1215 2643 1216 2706 l

162 2721 394 2791 ‘Aeternumque
413 2716 493 2773 vale!
533 2716 561 2771 N
564 2733 597 2772 ec
616 2717 699 2790 plura
718 2717 819 2774 effatus
839 2719 877 2776 ad
896 2719 971 2778 altos

162 2797 318 2856 Tendebat
338 2811 441 2862 muros,
463 2811 647 2868 gressumque
668 2792 698 2849 in
718 2807 811 2852 castra
830 2797 946 2854 ferebat.

202 2877 324 2962 Iamque
343 2882 471 2961 oratores
490 2873 611 2928 aderant
631 2889 667 2929 ex
686 2873 757 2930 urbe
779 2873 890 2944 latina,
1089 2900 1141 2939 100

162 2950 259 3010 Velati
279 2949 365 3008 ramis
385 2950 476 3018 oleae,
497 2947 667 3022 veniamque
687 2960 840 3023 rogantes:

165 3031 302 3098 Corpora,
324 3044 376 3098 per
395 3043 514 3099 campos
534 3027 607 3082 ferro
628 3045 702 3100 quae
722 3029 785 3084 fusa
804 3029 946 3102 iacebant,

165 3103 321 3167 Redderet,
343 3119 376 3158 ac
397 3104 508 3159 tumulo
528 3101 633 3160 sineret
656 3105 810 3163 succedere
831 3115 940 3178 terrae3

165 3176 287 3233 Nullum
307 3193 373 3230 cum
393 3175 476 3232 victis
496 3188 639 3236 certamen
661 3189 689 3237 et
709 3183 824 3240 aethere
844 3186 949 3256 cassis;

167 3252 300 3306 Parceret
319 3249 481 3321 hospitibus
501 3257 647 3325 quondam
669 3260 834 3335 socerisque
855 3266 1143 3346 vocatis.105
