2460 3686
133 105 187 162 23²
386 80 421 138 P.
452 78 640 139 VERGILI
660 77 871 140 MARONIS

131 232 279 306 Funerea;
306 249 394 308 super
413 229 531 291 exuvias
551 251 713 308 ensemque
731 231 865 292 relictum

132 311 326 390 Effigiemque
347 323 412 370 toro
431 313 518 384 locat,
540 313 621 371 haud
642 311 741 388 ignara
761 313 857 371 futuri.

131 393 216 451 Stant
235 411 301 452 arae
321 391 441 463 circum,
462 402 492 450 et
511 391 606 451 crines
626 393 718 451 effusa
738 394 874 452 sacerdos

131 472 331 531 Tercentum
351 481 434 530 tonat
455 489 505 530 ore
525 472 607 544 deos,
631 472 820 546 Erebumque
841 473 1007 548 Chaosque
1069 489 1131 547 510

131 550 398 626 Tergeminamque
419 552 566 621 Hecaten,
588 550 644 610 tria
662 550 780 628 virginis
801 571 852 611 ora
873 551 1002 612 Dianae„

132 631 282 706 Sparserat
301 641 331 691 et
351 629 452 690 latices
473 629 626 689 simulatos
646 631 736 691 fontis
756 631 883 705 Averni;

133 709 269 770 Falcibus
289 721 319 770 et
338 728 453 770 messae
472 710 512 768 ad
530 712 632 769 lunam
653 721 831 786 quaeruntur
850 710 931 771 aenis

133 790 282 850 Pubentes
302 791 419 860 herbae,
442 788 515 865 nigri
535 809 604 850 cum
624 791 701 849 lacte
720 790 844 860 veneni;
1216 776 1217 826 i

133 869 289 944 Quaeritur
309 881 339 929 et
359 869 506 929 nascentis
526 869 595 945 equi
615 871 654 929 de
672 871 768 930 fronte
787 871 917 929 revolsus
1072 887 1132 947 515
1216 858 1218 964 ]

134 950 172 1009 Et
193 949 277 1009 matri
297 960 468 1026 praereptus
488 968 579 1008 amor.

134 1031 206 1105 Ipsa
224 1030 304 1088 mola
323 1028 519 1104 manibusque
539 1028 595 1105 piis
615 1027 717 1088 altaria
735 1027 824 1101 iuxta,
1217 1040 1219 1090 l

134 1109 237 1168 Unum
258 1119 346 1168 exuta
365 1109 474 1184 pedem
495 1107 605 1179 vinclis,
626 1108 657 1167 in
677 1119 759 1167 veste
778 1108 913 1182 recincta,

133 1190 270 1248 Testatur
290 1187 430 1247 moritura
449 1188 523 1246 deos
543 1198 573 1247 et
592 1187 712 1247 conscia
731 1187 783 1246 fati

134 1267 236 1328 Sidera
241 1289 250 1341 ;
276 1279 348 1337 tum,
371 1267 395 1326 si
415 1267 498 1342 quod
518 1286 578 1326 non
599 1286 696 1342 aequo
715 1269 835 1326 foedere
855 1276 989 1326 amantes
1072 1286 1135 1344 5²0
1219 1266 1220 1338 l

135 1349 230 1408 Curae
252 1366 363 1406 numen
384 1347 474 1406 habet
494 1346 662 1421 iustumque
683 1364 864 1421 memorque,
885 1357 1031 1422 precatur.

174 1429 244 1486 Nox
265 1436 334 1500 erat,
359 1437 389 1486 et
409 1425 558 1502 placidum
579 1429 740 1502 carpebant
759 1428 836 1485 fessa
855 1445 994 1502 soporem

135 1507 270 1582 Corpora
289 1525 343 1582 per
362 1516 460 1574 terras,
481 1505 630 1582 silvaeque
650 1517 681 1566 et
700 1525 787 1566 saeva
805 1506 940 1581 quierant

133 1590 281 1662 Aequora,
304 1605 373 1644 cum
393 1584 493 1644 medio
512 1587 670 1645 volvuntur
689 1585 785 1645 sidera
803 1586 896 1661 lapsu,

134 1669 213 1727 Cum
234 1677 311 1725 tacet
332 1663 428 1724 omnis
448 1684 524 1741 ager,
545 1666 683 1740 pecudes,
704 1665 861 1741 pictaeque
880 1666 1025 1736 volucres,
1070 1683 1133 1742 5²5
1220 1717 1221 1742 ,

135 1747 280 1820 Quaeque
300 1746 382 1803 lacus
402 1745 460 1803 late
479 1744 616 1820 liquidos,
639 1763 774 1820 quaeque
794 1763 898 1820 aspera
916 1743 1019 1803 dumis

135 1829 218 1885 Rura
237 1835 347 1897 tenent,
369 1843 474 1884 somno
495 1823 610 1900 positae
630 1827 685 1884 snb
706 1835 794 1883 nocte
815 1823 911 1882 silenti
1221 1830 1222 1884 l

135 1905 283 1964 Lenibant
303 1923 395 1975 curaS,
416 1914 445 1963 et
465 1905 556 1963 corda
575 1903 668 1964 oblita
687 1905 827 1964 laborum.
1221 1905 1222 1952 l

135 1988 175 2043 At
196 2004 257 2044 non
277 1983 378 2042 infelix
397 1983 487 2042 animi
508 1983 678 2055 Phoenissa,
700 2002 797 2059 neque
817 2002 959 2058 umquam

135 2065 262 2124 Solvitur
281 2062 311 2122 in
331 2080 461 2134 somnos,
483 2063 613 2122 oculisve
635 2074 685 2123 aut
705 2075 825 2139 pectore
845 2073 963 2121 noctem
1069 2081 1135 2140 530

135 2143 267 2220 Accipit:
294 2142 476 2220 ingeminant
497 2162 591 2212 curae,
613 2162 770 2218 rursusque
790 2161 943 2218 resurgens

136 2225 234 2284 Saevit
254 2242 345 2295 amor,
367 2241 535 2299 magnoque
554 2222 661 2281 irarum
681 2223 802 2280 fluctuat
822 2233 912 2281 aestu.

136 2304 184 2363 Sic
204 2304 280 2362 adeo
300 2302 415 2372 insistit,
436 2321 596 2377 secumque
616 2302 657 2361 ita
677 2303 766 2361 corde
786 2303 913 2361 volutat:

138 2386 207 2455 Ἔτι,
229 2382 302 2459 quid
322 2385 396 2457 ago?
423 2401 558 2441 rursusne
580 2401 686 2457 procos
706 2381 795 2439 inrisa
815 2381 924 2456 priores

138 2462 304 2539 ‘Experiaq
325 2462 554 2537 Nomadumque
574 2472 674 2536 petam
695 2459 824 2520 conubia
842 2461 974 2536 supplex,
1070 2478 1132 2539 535

138 2544 235 2616 ‘Quos
256 2561 311 2618 ego
331 2542 387 2600 sim
407 2541 515 2600 totiens
535 2540 594 2599 iam
614 2539 774 2616 dedignata
793 2540 931 2598 maritos?

139 2621 262 2682 ‘Iliacas
283 2620 371 2697 igitur
390 2622 498 2680 classes
519 2631 607 2695 atque
628 2619 731 2678 ultima
750 2621 900 2679 Teucrum

139 2706 237 2763 ‘Iussa
256 2703 384 2776 sequar?
411 2700 519 2776 quiane
539 2699 648 2758 auxilio
668 2700 748 2758 iuvat
767 2710 837 2758 ante
858 2701 978 2770 levatos,

139 2785 191 2842 ‘Et
211 2783 288 2842 bene
308 2781 388 2857 apud
409 2798 555 2839 memores
574 2778 680 2839 veteris
700 2789 757 2838 stat
776 2778 868 2855 gratia
887 2778 977 2837 sacti?

139 2861 227 2937 ‘Quis
248 2880 297 2919 me
317 2870 425 2928 autem,
445 2861 492 2918 fac
512 2860 596 2931 velle,
618 2859 702 2932 sinet,
723 2858 871 2918 ratibusve
892 2855 1027 2933 superbis
1070 2875 1132 2933 540

140 2941 282 3000 ‘Invisam
302 2939 450 3015 accipiet?
477 2937 573 2998 nescis
593 2940 659 3009 heu,
681 2937 802 3014 perdita,
825 2937 953 2997 necdum

140 3019 392 3080 ‘Laomedonteae
412 3018 501 3078 sentis
522 3017 648 3095 periuria
667 3017 785 3094 gentis?

140 3098 234 3173 ‘Quid
255 3099 342 3157 turn?
369 3099 431 3156 sola
452 3099 520 3174 fuga
540 3108 644 3156 nautas
664 3097 829 3156 comitabor
849 3099 993 3155 ovantes?

142 3183 203 3238 ‘An
224 3176 318 3253 Tyriis
338 3175 478 3250 omnique
499 3195 589 3235 manu
610 3176 716 3252 stipata
736 3194 870 3235 meorum

140 3258 271 3322 ‘luseram
293 3265 331 3321 et,
353 3272 427 3326 quos
448 3254 570 3312 Sidonia
589 3254 638 3311 vix
658 3256 732 3313 urbe
750 3253 857 3324 revelli,
1069 3273 1126 3334 545

140 3337 264 3391 ‘Rursus
284 3350 368 3404 agam
390 3331 503 3404 pelago,
527 3343 555 3388 et
576 3331 671 3388 ventis
692 3333 761 3390 dare
781 3334 846 3391 vela
866 3331 993 3392 iubebo?
