2442 3686
153 115 212 178 354
402 95 438 156 P.
473 95 663 154 VERGILI
684 91 897 152 MARONIS

153 222 267 284 Obvius
286 224 354 284 huic
373 225 506 301 primurn,
527 225 592 284 fatis
612 225 756 284 adductus
775 220 891 296 iniquis,
1089 217 1149 289 380

154 301 202 360 Fit
222 305 336 379 Lagus:
358 305 445 374 hunc,
466 323 573 378 magno
593 303 673 363 vellit
692 303 762 362 dum
782 301 914 376 pondere
936 315 1049 367 saxum,

155 380 269 440 Intorto
288 381 350 458 figit
369 385 438 454 telo,
459 381 623 440 discrimina
643 381 731 441 costis

155 459 211 516 Per
230 460 359 518 medium
381 480 439 536 qua
459 461 543 535 spina
562 461 669 532 dabat3
692 462 863 534 hastamque
883 463 1020 541 receptat

155 537 278 597 Ossibus
298 539 472 598 haerentem.
516 539 612 612 Quem
633 559 694 598 non
714 557 801 613 super
820 545 948 610 occupat
969 533 1085 602 Hisbo,

155 615 211 676 Ille
231 615 349 691 quidem
369 619 427 676 hoc
447 637 581 694 sperans:
606 637 674 676 nam
696 619 790 676 Pallas
809 625 878 674 ante
897 622 1044 681 ruentem,
1086 612 1143 683 385

155 695 236 752 Dum
255 695 330 768 furit,
352 695 499 755 incautum
520 695 629 770 crudeli
648 707 742 754 morte
762 693 877 764 sodalis,

156 771 279 847 Excipit,
300 785 388 849 atque
408 793 507 834 ensem
527 775 639 833 tumido
660 775 690 832 in
709 775 849 849 pulmone
868 769 1014 829 recondit

156 849 237 908 Hinc
257 853 426 912 Sthenelum
446 853 526 928 petit,
550 863 579 912 et
599 852 708 912 Rhoeti
728 854 766 911 de
785 861 872 927 gente
891 858 1011 908 vetusta

155 929 376 1002 Anchemolum,
398 934 541 990 thalamos
561 949 664 989 ausum
684 931 825 989 incestare
845 943 997 987 novercae.

155 1008 219 1067 Vos
239 1008 334 1079 etiam,
356 1010 472 1084 gemini,
494 1011 610 1068 Rutulis
630 1009 774 1068 cecidistis
794 1007 824 1066 in
840 1006 927 1076 arvis,

157 1086 279 1159 Daucia,
301 1087 405 1146 Lan'de
425 1090 640 1164 Thymberque,
661 1086 806 1146 simillima
823 1087 926 1162 proles,

157 1163 318 1224 Indiscreta
338 1165 395 1225 suis
415 1177 569 1241 gratusque
589 1167 756 1241 parentibus
777 1184 872 1237 error;

155 1245 196 1301 At
215 1261 295 1301 nunc
314 1244 386 1302 dura
405 1244 487 1304 dedit
506 1243 589 1303 vobis
610 1244 774 1303 discrimina
794 1245 906 1300 Pallas:

156 1322 235 1379 Nam
254 1319 316 1389 tibi,
335 1324 492 1398 Thymbre,
513 1333 601 1398 caput
621 1322 784 1382 Euandrius
804 1319 922 1380 abstulit
942 1318 1042 1377 ensis:

155 1399 201 1458 Te
221 1398 319 1458 decisa
338 1419 431 1472 suum,
453 1401 566 1473 Laride,
588 1402 705 1460 dextera
726 1399 854 1477 quaerit,

156 1477 403 1555 Semianimesque
424 1479 532 1538 micant
552 1479 642 1556 digiti,
664 1482 827 1554 ferrumque
845 1487 1009 1536 retractant

155 1555 286 1614 Arcadas
306 1575 444 1617 accensos
465 1558 585 1631 monitu,
609 1569 638 1618 et
656 1560 803 1634 praeclara
822 1566 935 1616 tuentes

157 1634 248 1692 Facta
266 1634 326 1706 viri,
348 1636 453 1696 mixtus
473 1638 557 1696 dolor
577 1647 606 1696 et
625 1639 720 1713 pudor
738 1647 830 1694 armat
850 1634 880 1693 in
899 1635 1007 1692 hostes

156 1711 235 1770 Tum
255 1714 351 1772 Pallas
371 1715 474 1792 biiugis
494 1717 652 1791 fugientem
673 1717 807 1774 Rhoetea
826 1723 939 1789 praeter

156 1790 283 1851 Traiicit.
326 1795 395 1852 Hoc
416 1795 539 1870 spatium
560 1805 730 1870 tantumque
750 1811 849 1852 morae
868 1790 922 1850 fuit
943 1793 990 1850 Ilo
1000 1812 1009 1862 ;

158 1869 205 1927 llo
224 1889 350 1946 namque
371 1875 473 1947 procul
492 1873 617 1933 validam
638 1873 779 1932 direxerat
798 1874 929 1930 hastam:
1120 1946 1123 1952 Ι

158 1948 255 2020 Quam
275 1950 389 2009 medius
409 1954 560 2011 Rhoeteus
579 1951 731 2027 intercipit,
753 1951 862 2026 optime
882 1950 1021 2020 Teuthra,

157 2027 202 2084 Te
222 2027 342 2103 fugiens,
364 2031 537 2106 fratremque
557 2034 672 2106 Tyren3
696 2048 838 2104 curruque
857 2030 975 2087 volutus
1198 2023 1207 2042 ¹

158 2105 264 2165 Caedit
284 2107 460 2168 semianimis
481 2112 658 2168 Rutulorum
678 2109 805 2168 calcibus
825 2125 898 2165 arva„

158 2186 204 2242 Ac
222 2187 310 2256 velut,
332 2198 432 2262 optato
453 2188 546 2247 ventis
566 2199 676 2247 aestate
696 2187 811 2258 coortis,

157 2261 299 2338 Dispersa
318 2262 438 2325 inmittit
459 2266 537 2326 silvis
558 2267 695 2326 incendia
716 2276 831 2341 pastor,

158 2341 307 2417 Correptis
328 2345 424 2403 subito
446 2345 557 2417 mediis,
581 2345 745 2404 extenditur
765 2361 824 2402 una

158 2419 288 2477 Horrida
307 2439 359 2495 per
378 2423 453 2482 latos
475 2423 551 2482 acies
574 2424 716 2482 Volcania
736 2441 855 2496 campos
864 2444 873 2496 3

158 2497 213 2556 Ille
235 2499 340 2558 sedens
361 2499 454 2560 victor
473 2503 603 2560 flammas
624 2503 775 2577 despectat
795 2511 933 2558 ovantes:
964 2513 969 2522 ’

159 2577 229 2635 Non
250 2576 334 2636 aliter
354 2577 465 2638 socium
485 2581 574 2639 virtus
596 2580 655 2638 coit
679 2578 774 2639 omnis
795 2579 826 2636 in
846 2597 945 2649 unum,

158 2656 262 2732 Teque
283 2655 371 2728 iuvat,
394 2660 482 2718 Palla
524 2660 583 2718 Sed
603 2659 689 2718 bellis
710 2677 777 2716 acer
799 2658 944 2715 Halaesus

157 2734 269 2795 Tendit
288 2734 318 2794 in
338 2738 483 2808 adversos,
505 2755 594 2812 seque
614 2739 644 2794 in
665 2756 718 2796 sua
737 2735 847 2811 colligit
866 2753 953 2792 arma

159 2815 221 2872 Hic
240 2825 348 2874 mactat
369 2816 500 2886 Ladona,
523 2817 712 2890 Pheretaque,
736 2814 1021 2887 Demodocumque:

158 2892 323 2967 Strymonio
343 2894 474 2952 dextram
493 2893 613 2969 fulgenti
634 2893 740 2968 deripit
759 2911 829 2951 ense

160 2972 275 3029 Elatam
295 2971 325 3029 in
345 2972 473 3046 iugulum
483 2993 491 3045 ;
515 2991 586 3030 saxo
606 2971 671 3030 ferit
691 2991 742 3030 ora
760 2970 913 3042 Thoantis,

160 3051 294 3118 Ossaque
313 3049 447 3121 dispersit
467 3051 585 3107 cerebro
605 3050 747 3123 permixta
766 3059 894 3106 cruent0.

159 3124 232 3178 Fata
251 3139 360 3178 canens
380 3124 457 3181 silvis
477 3124 591 3199 genitor
611 3128 718 3184 celarat
739 3128 900 3184 Halaesum
911 3146 921 3199 ς

159 3198 203 3253 Ut
223 3195 319 3252 senior
339 3198 397 3254 leto
418 3201 551 3257 canentia
572 3203 682 3261 lumina
702 3203 796 3274 solvit,

159 3268 290 3328 Iniecere
310 3289 428 3328 manum
449 3277 565 3348 Parcae,
588 3279 711 3355 telisque
731 3292 879 3340 sacrarunt
