2462 3678
128 97 186 154 302
387 83 422 142 P.
454 81 644 143 VERGILI
665 83 874 144 MARONIS

128 210 314 284 Aerataeque
334 207 446 268 micant
465 210 573 285 peltae,
596 208 685 268 micat
706 229 808 270 aereus
828 211 915 270 ensis

170 292 209 349 Et
230 301 259 348 te
280 301 436 348 montosae
456 289 562 348 misere
582 289 613 347 in
634 290 748 366 proelia
769 293 889 364 Nersae,

129 371 235 437 Ufens,
255 367 400 445 insignem
421 370 501 427 fama
521 380 551 429 et
572 369 705 428 felicibus
726 371 830 430 armis:
1085 389 1146 448 745

129 449 262 509 Horrida
281 449 441 526 praecipue
461 448 509 508 cui
529 468 611 525 gens,
633 451 816 525 adsuetaque
837 451 931 509 multo

128 532 246 589 Venatu
267 547 431 602 nemorum,
454 528 534 588 duris
555 529 722 604 Aequicula
741 529 860 607 glaebis.

128 609 242 669 Armati
263 619 369 668 terram
390 619 535 682 exercent,
558 627 734 686 semperque
754 621 887 670 recentes

129 692 312 751 Convectare
332 689 413 748 iuvat
433 690 556 766 praedas
577 701 608 750 et
628 689 724 749 vivere
745 702 836 766 rapto.

168 769 251 844 Quin
275 780 304 829 et
322 769 471 829 Marruvia
490 769 571 829 venit
587 770 626 830 de
646 781 734 846 gente
755 771 900 844 sacerdos,
1081 789 1098 846 7
1104 791 1144 849 50

128 851 247 909 Fronde
268 868 356 926 super
375 851 490 927 galeam
511 860 540 909 et
560 849 639 909 felici
659 861 796 926 comptus
817 850 902 922 oliva,

127 929 271 1006 Archippi
291 929 366 1006 regis
387 930 487 1002 missu,
509 929 684 990 fortissimus
706 933 832 1001 Umbro,

127 1009 256 1086 Vipereo
276 1009 377 1086 generi
397 1021 427 1070 et
446 1010 571 1087 graviter
592 1010 770 1087 spirantibus
791 1010 889 1087 hydris

127 1091 268 1167 Spargere
288 1090 340 1167 qui
360 1109 481 1150 somnos
502 1101 651 1167 cantuque
671 1110 822 1166 manuque
842 1092 965 1164 solebat,

129 1171 343 1247 Mulcebatque
363 1170 428 1243 iras,
450 1181 480 1230 et
500 1190 615 1230 morsus
636 1182 697 1230 arte
718 1173 842 1230 levabat.

128 1252 187 1310 Sed
207 1269 269 1310 non
291 1252 459 1311 Dardaniae
480 1251 621 1310 medicari
642 1251 771 1327 cuspidis
791 1251 882 1311 ictum

129 1329 253 1403 Evaluit,
276 1350 374 1407 neque
395 1351 464 1392 eum
484 1331 582 1391 iuvere
603 1331 635 1390 in
655 1333 777 1392 volnera
797 1342 900 1391 cantus

127 1410 292 1484 Somniseri,
315 1421 345 1471 et
366 1411 473 1470 Marsis
494 1411 644 1488 quaesitae
665 1411 816 1472 montibus
836 1413 954 1472 herbae.

126 1492 173 1550 Te
193 1510 298 1550 nemus
319 1491 486 1568 Anguitiae,
507 1491 599 1551 vitrea
619 1503 648 1552 te
670 1491 799 1551 Fucinus
819 1493 908 1565 unda,

126 1571 173 1631 Te
193 1571 297 1647 liquidi
317 1571 422 1632 flevere
443 1574 531 1632 lacus.
1074 1577 1135 1647 760

168 1652 236 1711 Ibat
256 1663 286 1712 et
307 1651 464 1728 Hippolyti
484 1654 582 1729 proles
602 1652 799 1729 pulcherrima
819 1653 906 1726 bello,

127 1730 255 1803 Virbius,
277 1731 423 1807 insignem
445 1752 535 1808 quem
556 1744 650 1792 mater
670 1732 771 1792 Aricia
794 1732 882 1805 misit,

129 1812 280 1872 Eductum
302 1812 427 1889 Egeriae
447 1813 530 1885 lucis,
552 1813 706 1872 humentia
725 1812 837 1872 circum

129 1891 237 1964 Litora,
259 1891 375 1970 pinguis
396 1892 449 1952 ubi
469 1904 500 1953 et
520 1893 671 1969 placabilis
692 1913 742 1952 ara
764 1891 886 1954 Dianae.

128 1973 266 2048 Namque
286 1974 383 2034 ferunt
406 1975 486 2032 fama
504 1973 710 2050 Hippolytum,
726 1984 883 2049 postquam
900 1984 963 2032 arte
981 1993 1131 2035 novercae

128 2052 286 2126 Occiderit,
306 2053 474 2130 patriasque
494 2055 617 2131 explerit
636 2053 778 2131 sanguine
797 2072 909 2129 poenas
1069 2059 1129 2128 766

127 2133 265 2193 Turbatis
286 2133 441 2194 distractus
462 2134 555 2210 equis,
577 2136 616 2194 ad
637 2133 734 2193 sidera
753 2153 850 2192 rursus

127 2213 268 2274 Aetheria
287 2225 317 2274 et
338 2233 457 2291 superas
478 2215 552 2274 caeli
572 2214 689 2273 venisse
710 2215 765 2273 sub
786 2233 879 2286 auras,

127 2293 265 2354 Paeoniis
285 2306 454 2355 revocatum
474 2293 573 2354 herbis
594 2305 624 2354 et
645 2313 745 2354 amore
770 2293 891 2354 Dianae.

126 2375 206 2434 Tum
227 2387 310 2450 pater
330 2376 528 2452 omnipotenS,
550 2374 681 2451 aliquem
701 2373 870 2451 indignatus
884 2375 921 2433 ab
936 2373 1051 2434 umbris
1066 2391 1127 2449 770

128 2455 286 2514 Mortalem
307 2455 427 2515 insemis
449 2457 489 2515 ad
512 2454 626 2514 lumina
647 2473 764 2530 surgere
785 2454 870 2527 vitae,

128 2536 197 2611 Ipse
218 2546 395 2611 repertorem
418 2533 585 2595 medicinae
606 2534 672 2594 talis
693 2545 723 2594 et
744 2533 813 2594 artis

127 2615 263 2675 Fulmine
286 2615 507 2691 Phoebigenam
527 2615 641 2691 Stygias
662 2615 785 2675 detrusit
804 2615 845 2674 ad
866 2615 971 2674 undas.

125 2697 167 2755 At
187 2696 286 2755 Trivia
308 2695 506 2773 Hippolytum
527 2695 646 2756 secretis
666 2697 745 2754 alma
764 2695 898 2755 recondit

126 2776 261 2849 Sedibus,
283 2786 314 2836 et
337 2777 485 2854 nymphae
510 2776 633 2851 Egeriae
653 2775 826 2851 nemorique
848 2776 966 2851 relegat,
1063 2793 1120 2853 775

126 2859 212 2917 Solus
234 2857 286 2917 ubi
306 2855 338 2916 in
363 2855 442 2916 silvis
467 2856 550 2916 Italis
574 2855 711 2933 ignobilis
733 2874 839 2914 aevum

127 2935 272 3013 Exigeret,
294 2956 439 3014 versoque
459 2938 510 2997 ubi
534 2936 656 2996 nomine
678 2934 796 2995 Virbius
819 2945 904 2995 esset

126 3017 217 3076 Unde
238 3016 327 3076 etiam
348 3019 460 3094 templo
481 3016 597 3076 Triviae
619 3015 752 3092 lucisque
773 3014 892 3074 sacratis

125 3095 309 3173 Cornipedes
331 3109 467 3157 arcentur
487 3096 564 3173 equi,
591 3097 673 3172 quod
697 3095 782 3156 litore
806 3113 923 3154 currum

126 3177 165 3236 Et
187 3176 324 3236 iuvenem
345 3175 484 3237 monstris
507 3175 607 3252 pavidi
627 3176 757 3237 effudere
778 3174 906 3234 marinis
1064 3180 1117 3249 780

125 3255 216 3313 Filius
240 3255 377 3313 ardentes
400 3256 479 3312 haud
501 3255 592 3314 setius
612 3274 740 3330 aequore
761 3253 859 3331 campi

125 3331 289 3391 Exercebat
311 3350 412 3406 equos,
438 3351 583 3406 curruque
601 3333 632 3390 in
655 3335 732 3392 bella
755 3335 866 3394 ruebat
