2494 3702
378 107 613 167 BUCOLICA.
656 104 752 162 ECL.
783 104 871 162 VIII.

485 272 654 331 ECLOGA
674 272 762 330 VIII.

122 413 296 468 Pnsronurr
318 427 434 466 musam
456 405 602 466 Damonis
623 416 653 466 et
672 404 874 482 Alphesiboei,

122 493 289 548 Immemor
310 489 467 547 herbarum
489 505 563 562 quos
585 497 630 546 est
649 486 754 545 mirata
775 485 900 545 iuvenca

122 572 289 640 Certantes,
310 586 436 644 quorum
458 569 639 644 stupefactae
660 567 791 626 carmine
813 566 922 642 lynces,

123 652 162 708 Et
183 661 298 707 mutata
320 667 390 708 suos
410 649 580 724 requierunt
601 649 724 706 flumina
744 665 855 718 cursus,

124 728 272 788 Damonis
292 747 409 788 musam
430 729 565 788 dicemus
586 739 616 788 et
636 727 839 818 Alphesiboei.
1103 745 1118 804 5

164 811 213 868 Tu
233 807 315 879 mihi,
337 827 390 868 seu
411 808 731 898 111111111111111111111
753 825 824 866 saxa
844 805 970 881 Timavi,

123 891 191 949 Sive
212 908 295 948 oram
316 889 426 965 Illyrici
448 891 520 965 legis
541 908 686 965 aequoris
688 906 767 947 —en
790 885 844 947 erit
865 906 996 964 unquam

124 971 181 1040 Ille
201 969 275 1040 dies,
297 967 370 1027 mihi
390 989 459 1029 cum
480 970 568 1028 liceat
588 979 641 1028 tua
660 968 758 1028 dicere
778 969 878 1027 sacta?

125 1053 172 1108 En
193 1048 248 1109 erit
268 1060 302 1108 ut
321 1049 410 1109 liceat
430 1061 527 1109 totum
548 1048 621 1108 mihi
641 1050 715 1108 serre
737 1068 789 1124 per
809 1049 912 1107 orbem

124 1131 193 1190 Sola
213 1130 384 1204 Sophocleo
404 1141 454 1190 tua
474 1129 605 1188 carmina
625 1129 714 1206 digna
734 1128 901 1188 cothurno?
1085 1148 1121 1187 ro

124 1214 151 1269 A
174 1222 204 1270 te
224 1209 413 1286 principium,
434 1209 487 1269 tibi
508 1209 631 1269 desinet
674 1207 788 1284 Accipe
809 1207 895 1266 iussis

124 1291 266 1351 Carmina
285 1301 392 1366 coepta
413 1290 479 1361 tuis,
501 1300 591 1364 atque
610 1290 689 1348 hanc
708 1289 771 1348 sine
792 1298 926 1365 tempora
947 1287 1055 1347 circum

125 1372 208 1430 Inter
228 1370 362 1430 victrices
383 1371 523 1430 hederam
544 1369 598 1428 tibi
619 1387 734 1444 serpere
748 1370 854 1428 laurus.

165 1450 285 1528 Frigida
305 1450 353 1517 vix
372 1453 455 1510 caelo
476 1449 572 1509 noctis
594 1451 760 1509 decesserat
781 1450 893 1521 umbra,

124 1532 203 1592 Cum
223 1550 271 1590 ros
291 1529 323 1588 in
342 1541 444 1590 tenera
463 1529 564 1606 pecon'
584 1529 763 1606 gratissimus
784 1529 892 1588 herba:
1085 1548 1118 1606 15

124 1612 307 1670 Incumbens
327 1611 412 1670 tereti
433 1614 553 1670 Damon
575 1611 617 1669 sic
638 1609 738 1684 coepit
758 1608 862 1668 olivae.

164 1693 207 1749 D.
233 1693 389 1761 ‘Nascere
404 1710 534 1767 praeque
553 1691 631 1750 diem
646 1689 767 1749 veniens
781 1708 843 1765 age,
859 1687 984 1761 Lucifer,
999 1691 1118 1760 almum,

69 1776 73 1784 “
124 1771 270 1847 Coniugis
290 1771 414 1847 indigno
437 1773 535 1847 Nysae
556 1773 698 1846 deceptus
719 1788 820 1829 amore

125 1853 206 1909 Dum
228 1869 343 1925 queror,
366 1861 395 1910 et
415 1851 507 1925 divos,
531 1869 711 1926 quamquam
732 1850 773 1908 nil
793 1847 916 1909 testibus
937 1849 992 1908 illis

125 1930 250 2002 Profeci,
272 1941 403 1990 extrema
422 1931 551 1990 moriens
572 1944 672 1989 tamen
693 1931 836 2006 adloquar
855 1931 935 1989 hora.
1082 1949 1119 1988 20

116 2072 118 2076 ,
166 2010 271 2086 Incipe
292 2011 458 2071 Maenalios
478 2029 604 2082 mecum,
624 2029 692 2070 mea
712 2010 792 2081 tibia,
811 2029 920 2069 versus.

124 2093 281 2150 Maenalus
302 2102 495 2168 argutumque
516 2110 620 2151 nemus
641 2091 786 2167 pinosque
805 2092 961 2165 loquentes

123 2173 248 2248 Semper
268 2173 377 2246 habet3
404 2190 521 2248 semper
541 2183 693 2248 pastorum
713 2172 763 2230 ille
783 2171 866 2230 audit
885 2189 1000 2229 amores

124 2253 275 2326 Panaque,
297 2251 349 2327 qui
369 2251 481 2342 primus
500 2254 631 2311 calamos
651 2270 712 2310 non
733 2269 836 2327 passus
856 2249 971 2309 inertes.

165 2331 270 2408 Incipe
291 2331 458 2391 Maenalios
478 2351 605 2402 mecum,
624 2349 692 2390 mea
712 2331 793 2402 tibia,
812 2349 919 2390 versus.
1036 2389 1063 2428 ,
1082 2348 1116 2407 ²5

124 2413 236 2487 Mopso
258 2413 340 2488 Nysa
360 2413 461 2472 datur:
490 2411 563 2488 quid
584 2431 645 2471 non
667 2430 816 2486 speremus
837 2391 1063 2471 amantes?

123 2491 318 2567 Iungentur
310 2511 370 2550 ram
390 2492 515 2568 gryphes
536 2492 628 2584 equis,
650 2509 784 2566 aevoque
804 2490 940 2572 sequenti

123 2572 204 2631 Cum
224 2571 346 2630 canibus
366 2571 462 2631 timidi
482 2573 602 2632 venient
622 2573 660 2630 ad
681 2572 789 2663 pocula
809 2567 953 2631 dammae

164 2648 269 2728 Inpre
291 2651 457 2712 Maenalios
476 2671 603 2725 mecum,
625 2671 692 2712 mea
712 2651 791 2722 tibia,
810 2670 920 2714 versus

124 2731 243 2806 Mopse,
263 2751 356 2790 novas
377 2731 475 2791 incide
495 2735 594 2792 faces:
621 2731 675 2792 tibi
696 2731 812 2791 ducitur
831 2751 921 2805 uxor,
1081 2749 1119 2804 30

123 2811 241 2888 Sparge,
264 2811 374 2884 marite,
397 2831 506 2887 nuces3
533 2812 587 2872 tibi
608 2812 715 2872 deserit
737 2813 889 2887 Hesperus
911 2813 1026 2870 Oetam.

165 2891 270 2968 Incipe
292 2891 457 2952 Maenalios
476 2912 602 2964 mecum,
623 2910 690 2952 mea
710 2890 791 2964 tibia,
811 2909 919 2952 versus.

124 2972 153 3032 O
175 2971 266 3048 digno
286 2971 446 3031 coniuncta
465 2973 536 3046 viro,
559 2972 630 3030 dum
651 2971 778 3048 despids
798 2990 911 3042 omnes,

125 3053 268 3127 Dumque
287 3051 342 3112 tibi
362 3063 408 3112 est
427 3051 497 3112 odio
516 3071 584 3111 mea
604 3053 701 3111 fistula
721 3052 851 3128 dumque
869 3051 1000 3126 capellae

125 3130 342 3207 Hirsutumque
363 3132 549 3208 supercilium
570 3133 772 3207 promissaque
792 3131 892 3202 barba,
1081 3146 1116 3206 35

124 3212 191 3270 Nec
212 3230 312 3270 curare
332 3212 422 3271 deum
441 3212 538 3271 credis
558 3210 692 3270 mortalia
712 3229 900 3286 quemquam.

166 3289 269 3367 Incipe
291 3291 457 3350 Maenalios
478 3309 604 3362 mecum,
625 3309 692 3348 mea
712 3290 792 3361 tibia,
811 3307 919 3347 versus.

19 3433 21 3439 ,
124 3370 252 3446 Sepibus
272 3369 303 3428 in
324 3369 432 3429 nostris
452 3387 572 3443 parvam
593 3379 624 3426 te
644 3367 760 3426 roscida
780 3368 858 3422 mala
