2494 3702
55 1283 169 1391 ἀ,ψί

397 827 430 891 Ρ.
459 824 658 890 VERGILI
692 821 910 889 MARONIS

452 1077 889 1170 [eruamus
910 1049 1066 1146 aanor

403 985 889 1242 quqrtoruQ
710 981 950 1083 reon

448 1179 526 1242 rm
562 1179 592 1240 R
623 1178 726 1260 Qun
763 1176 863 1240 rus

154 1239 238 1333 tt
254 1197 398 1300 W

58 1410 68 1434 '⁴
159 1420 321 1478 Pnorrrrus
342 1416 412 1477 aerii
433 1373 528 1477 rnellis
548 1415 685 1477 caelestia
705 1419 786 1476 dona

159 1500 318 1575 Exsequar
364 1501 454 1556 Hanc
476 1498 574 1570 etiam,
597 1500 764 1566 Maecenas,
787 1494 886 1571 aspice
906 1507 1029 1572 partem.

158 1578 344 1638 Admiranda
364 1578 417 1639 tibi
437 1577 547 1637 levium
568 1579 735 1653 spectacula
754 1595 860 1648 rerum,

160 1658 428 1734 Magnanimosque
449 1659 540 1718 duces
561 1657 710 1732 totiusque
730 1655 833 1715 ordine
853 1655 952 1732 gentis!

160 1741 261 1798 Mores
282 1749 312 1797 et
333 1737 430 1798 studia
451 1748 481 1797 et
502 1738 630 1814 populos
651 1748 680 1796 et
701 1736 814 1813 proelia
834 1735 939 1795 dicam.
1138 1749 1154 1808 5

161 1820 198 1878 In
219 1816 300 1878 tenui
320 1819 421 1890 labor;
448 1828 478 1876 at
499 1817 595 1877 tenuis
616 1837 677 1877 non
697 1816 796 1893 gloria,
818 1816 842 1875 si
862 1835 952 1892 quem

161 1898 294 1957 Numina
313 1900 396 1958 laeva
416 1897 516 1957 sinunt
537 1897 678 1972 auditque
697 1907 821 1957 vocatus
841 1898 958 1972 Apollo.

201 1977 350 2054 Principio
371 1979 458 2038 sedes
479 1976 585 2067 apibus
606 1979 752 2052 statioque
773 1978 911 2052 petenda,

161 2060 231 2134 Quo
251 2077 349 2134 neque
369 2058 406 2118 sit
426 2057 521 2118 ventis
541 2057 638 2116 aditus
661 2055 743 2135 (nam
763 2057 874 2132 pabula
892 2053 973 2114 venti

161 2140 249 2197 Ferre
269 2140 393 2198 domum
413 2136 584 2213 prohibent)
605 2155 703 2212 neque
724 2155 793 2196 oves
814 2136 962 2210 haedique
982 2134 1094 2209 petulci
1121 2154 1158 2191 10

161 2217 296 2278 Floribus
316 2219 467 2290 insultent,
489 2229 540 2277 aut
561 2236 658 2277 errans
678 2217 786 2276 bucula
806 2235 914 2292 campo

161 2297 302 2356 Decutiat
321 2316 418 2357 rorem
439 2309 469 2356 et
489 2307 638 2374 surgentes
658 2305 764 2356 atterat
784 2297 897 2354 herbas.

161 2376 268 2436 Absint
289 2387 318 2435 et
338 2375 412 2452 picti
433 2375 598 2452 squalentia
619 2388 700 2452 terga
721 2377 820 2434 lacerti

162 2456 324 2532 Pinguibus
344 2475 363 2514 a
383 2457 513 2527 stabulis,
535 2475 738 2533 meropesque,
760 2455 893 2531 aliaeque
914 2455 1056 2523 volucres,

162 2539 202 2595 Et
220 2534 358 2594 manibus
379 2538 495 2595 Procne
515 2548 619 2612 pectus
639 2536 753 2610 signata
772 2534 900 2594 cruentis
909 2557 919 2609 5
1122 2553 1156 2610 15

162 2616 273 2677 Omnia
292 2634 362 2674 narn
383 2616 442 2675 late
463 2627 579 2675 vastant
599 2615 739 2692 ipsasque
759 2616 894 2675 volantes

162 2698 223 2757 Ore
242 2697 339 2755 ferunt
361 2695 478 2755 dulcem
500 2694 578 2756 nidis
598 2693 750 2754 inmitibus
771 2713 877 2754 escam.

161 2779 202 2834 At
222 2774 326 2851 liquidi
346 2777 444 2835 sontes
465 2785 496 2835 et
516 2788 620 2852 stagna
639 2774 763 2834 virentia
782 2794 886 2834 musco

127 2919 132 2928 ,
161 2855 270 2916 Adsint
290 2866 319 2915 et
339 2856 437 2915 tenuis
457 2855 573 2931 fugiens
592 2873 645 2930 per
664 2853 796 2930 gramina
816 2855 903 2926 rivos

162 2937 324 3010 Palmaque
343 2934 521 2994 vestibulum
543 2945 594 2993 aut
613 2933 716 3011 ingens
737 2936 861 2993 oleaster
880 2933 1039 3003 inumbret,
1121 2955 1157 2992 20

162 3017 215 3086 Ut,
236 3034 305 3073 cum
325 3014 422 3088 prima
442 3014 488 3072 sui
509 3016 619 3073 ducent
640 3012 775 3072 examina
794 3032 878 3089 reges

162 3094 240 3151 Vere
261 3111 323 3162 suo,
344 3093 487 3166 ludetque
508 3093 580 3150 favis
602 3092 708 3151 emissa
728 3092 872 3166 iuventus,

162 3170 269 3228 Vicina
287 3167 392 3227 invitet
413 3168 556 3228 decedere
577 3172 642 3245 ripa
661 3171 751 3230 calori

163 3247 319 3322 Obviaque
339 3246 475 3321 hospitiis
496 3257 595 3306 teneat
614 3249 819 3307 frondentibus
840 3252 935 3309 arbos.

164 3329 201 3385 In
221 3325 362 3398 medium,
384 3345 436 3384 seu
458 3325 545 3385 stabit
565 3327 642 3384 iners
663 3346 715 3384 seu
735 3329 861 3402 profluet
881 3347 973 3401 umor,
1122 3349 1157 3408 25
