2460 3686
134 55 190 94 220
388 35 423 94 p.
447 13 870 96 'vsrorrrrrfrrrorvrs

135 187 234 258 ‘Ante
257 188 364 260 Pudor,
387 205 477 263 quam
498 197 528 247 te
548 185 636 259 violo,
657 197 709 246 aut
729 197 781 247 tua
800 187 863 247 iura
882 189 1008 249 resolv0.

135 266 204 326 ‘Ille
224 285 316 339 meos,
338 265 449 344 primus
470 266 520 344 qui
541 287 590 328 me
611 267 666 327 sibi
687 267 790 341 iunxit,
812 286 927 327 amores

136 345 293 422 ‘Abstulit;
313 346 362 408 ille
383 348 490 407 habeat
511 365 613 406 secum
635 359 789 424 servetque
810 347 985 425 sepulchro.'

134 425 181 486 Sic
201 427 288 487 effata
308 426 406 487 sinum
427 426 552 488 lacrimis
573 426 706 504 implevit
727 427 846 488 obortis.

175 509 263 566 Anna
282 509 382 568 refert:
404 509 445 570 ‘O
467 509 533 568 luce
554 508 646 585 magis
667 507 774 568 dilecta
795 508 894 583 sorori,

135 587 255 648 ‘Solane
275 598 417 664 perpetua
438 606 569 648 maerens
591 607 709 664 carpere
730 588 858 660 iuventa,

135 670 215 727 ‘Nec
235 668 336 728 dulces
357 679 450 740 natos,
473 666 596 728 Veneris
617 688 673 728 nec
694 669 823 744 praemia
844 668 941 728 noris?

136 749 186 807 ‘Id
207 747 335 807 cinerem
356 759 408 807 aut
428 767 531 808 manes
551 749 649 809 credis·
668 768 769 807 curare
790 751 939 824 sepultos?

135 830 230 902 ιΕεῖο,
252 847 369 905 aegram
391 829 465 888 nulli
485 830 636 906 quondam
659 830 766 888 flexere
787 829 891 900 mariti,

135 911 219 967 ‘Non
241 908 359 985 Libyae,
383 929 444 969 non
466 919 535 969 ante
556 911 635 984 Tyro
641 931 649 981 ;
672 910 831 985 despectus
853 910 963 982 Iarbas,

136 991 354 1065 ‘Ductoresque
374 989 431 1060 alii,
455 1009 529 1064 quos
551 989 649 1048 Afn'ca
669 999 744 1048 terra
764 989 918 1064 triumphis

135 1069 240 1129 ‘Dives
262 1069 326 1128 alit:
347 1069 495 1145 placitone
517 1069 605 1128 etiam
626 1067 770 1146 pugnabis
791 1069 902 1129 amori?
973 1134 978 1140 ,

136 1151 215 1208 ‘Nec
235 1149 314 1208 venit
334 1149 365 1209 in
387 1161 526 1222 mentem,
548 1169 673 1225 quorum
694 1149 863 1210 consederis
884 1149 978 1208 arvis?

135 1230 232 1289 ‘Hinc
252 1231 395 1289 Gaetulae
416 1232 511 1304 urbes
534 1249 626 1306 genus
647 1229 843 1305 insuperabile
863 1230 951 1299 bella
1107 1253 1149 1306 40

136 1313 187 1369 ‘Et
208 1310 357 1370 Numidae
377 1310 482 1369 infreni
502 1310 632 1386 cingunt,
654 1320 683 1368 et
703 1309 852 1386 inhospita
871 1309 975 1386 Syrtis;

135 1390 232 1449 ‘Hinc
252 1393 368 1450 deserta
388 1390 435 1448 siti
456 1390 545 1466 regio,
568 1392 684 1465 lateque
705 1392 833 1450 furentes

135 1470 276 1530 ‘Barcaei
321 1471 401 1544 Quid
423 1472 501 1530 bella
521 1473 601 1547 Tyro
621 1470 767 1548 surgentia
787 1471 886 1530 dicam

135 1551 347 1626 ‘Germanique
367 1551 479 1610 minas?
973 1615 976 1625 Δ

134 1631 202 1690 ‘Dis
224 1631 362 1708 equidem
383 1631 549 1708 auspicibus
570 1651 636 1692 reor
655 1643 686 1692 et
708 1635 824 1693 Iunone
844 1632 975 1692 secunda
1103 1654 1144 1713 45

135 1715 240 1771 ‘Hunc
259 1731 375 1771 cursum
398 1713 503 1772 iliacas
523 1723 613 1772 vento
635 1713 763 1772 tenuisse
783 1713 903 1772 carinas

135 1795 245 1868 ‘Quam
267 1803 298 1851 tu
318 1793 429 1862 urbem,
453 1813 543 1865 soror,
565 1794 642 1852 hanc
663 1813 773 1865 cernes,
795 1813 871 1870 quae
892 1811 1010 1869 surgere
1031 1812 1135 1873 regna

134 1873 296 1949 ‘Coniugio
318 1873 383 1932 tali!
404 1877 551 1932 Teucmm
572 1874 781 1933 comitantibus
802 1873 898 1946 armis,

136 1952 262 2012 ‘Punica
282 1973 313 2013 se
335 1952 451 2028 quantis
471 1955 586 2013 attollet
606 1952 698 2028 gloria
718 1956 819 2014 rebus!

137 2035 196 2093 ‘Tu
217 2036 310 2093 modo
331 2053 421 2110 posce
441 2033 514 2092 deos
535 2033 661 2106 veniam,
683 2035 831 2110 sacrisque
851 2034 940 2094 litatis
1102 2055 1145 2115 50

134 2114 274 2191 ‘Indulge
294 2114 433 2190 hospitio,
455 2133 616 2190 causasque
637 2114 755 2175 innecte
776 2115 918 2184 morandi,

135 2197 228 2253 ‘Dum
250 2197 354 2272 pelago
376 2194 506 2254 desaevit
526 2194 642 2270 hiemps
663 2205 693 2254 et
713 2214 841 2270 aquosus
863 2196 965 2269 Orion,

134 2277 371 2350 ‘Quassataeque
391 2286 475 2346 rates,
498 2276 570 2334 dum
592 2295 652 2334 non
673 2276 824 2336 tractabile
845 2278 980 2336 caelum!

134 2356 192 2414 His
213 2355 298 2415 dictis
319 2355 473 2414 incensum
494 2355 625 2413 animum
646 2355 838 2415 inflammavit
858 2375 966 2427 amore,

133 2439 281 2513 Spemque
302 2435 385 2496 dedit
405 2435 513 2495 dubiae
535 2435 635 2509 menti,
658 2436 802 2512 solvitque
822 2437 975 2512 pudorem.
1098 2459 1138 2518 55

174 2515 322 2591 Principio
342 2516 466 2575 delubra
486 2517 604 2588 adeunt,
626 2535 791 2592 pacemque
811 2536 863 2592 per
883 2535 946 2575 aras

134 2596 312 2673 Exquirunt:
336 2606 466 2656 mactant
487 2599 577 2656 lectas
599 2598 637 2657 de
657 2616 740 2656 more
760 2597 895 2657 bidentes

133 2677 284 2755 Legiferae
306 2676 406 2738 Cereri
428 2679 610 2753 Phoeboque
631 2677 766 2753 patrique
788 2680 896 2753 Lyaeo,

133 2758 242 2818 Iunoni
262 2770 331 2818 ante
351 2777 464 2830 omnes,
486 2756 533 2816 cui
553 2757 650 2816 vincla
670 2757 776 2835 iugalia
796 2776 890 2816 curae.

133 2841 212 2915 Ipsa,
235 2850 339 2899 tenens
360 2840 462 2899 dextra
482 2847 622 2914 pateram,
643 2837 838 2914 pulcherrima
860 2836 940 2896 Dido
1096 2845 1138 2900 60

134 2919 297 2979 Candentis
317 2938 425 2978 vaccae
446 2918 545 2977 media
565 2917 641 2978 inter
661 2937 771 2977 cornua
792 2918 888 2977 fundit
893 2938 902 2990 ;

133 3003 194 3058 Aut
214 3010 283 3058 ante
304 3017 354 3058 ora
375 2999 463 3057 deum
485 2998 609 3074 pingues
630 2998 771 3074 spatiatur
791 3000 830 3057 ad
851 3017 923 3070 aras,

134 3082 339 3155 Instauratque
360 3077 439 3136 diem
460 3077 555 3148 donis,
577 3079 785 3155 pecudumque
805 3073 926 3138 reclusis

133 3157 304 3218 Pectoribus
325 3156 440 3216 inhians
461 3157 602 3232 spirantia
621 3159 747 3218 consulit
768 3169 841 3217 exta

134 3240 206 3295 Heu
225 3246 326 3295 vatum
347 3235 464 3310 ignarae
485 3241 613 3295 mentes!
641 3237 712 3311 quid
732 3248 801 3296 vota
820 3239 976 3309 furentem,
1091 3244 1129 3318 65

134 3314 215 3388 Quid
235 3314 357 3373 delubra
377 3312 496 3372 iuvant?
524 3315 577 3372 Est
598 3316 702 3373 molles
722 3317 842 3374 flamma
862 3317 1008 3376 medullas
