2442 3686
401 129 642 190 AENEIDOS
664 129 751 188 ΠΒ.
782 129 819 187 X.
1048 143 1106 198 349

106 257 205 316 Urbs
227 258 349 314 Etrusca
370 255 441 313 solo.
483 253 618 329 Sequitur
638 253 846 328 pulcherrimus
867 255 961 330 Astyr,
1052 257 1105 311 ¹80

107 337 214 410 Astyr
234 353 311 410 equo
333 334 427 392 fidens
449 343 479 392 et
500 331 720 391 versicoloribus
741 332 835 390 annis.

108 415 322 473 Tercentum
344 410 491 483 adiiciunt,
514 411 609 488 (mens
630 411 767 470 omnibus
787 429 846 468 una
867 409 1031 488 sequendi)

111 491 186 565 Qui
207 493 329 550 Caerete
349 491 447 560 domo,
469 489 606 565 quisunt
627 488 768 548 Minionis
789 489 820 547 in
840 490 924 560 arvis,

115 575 167 632 Et
190 568 274 646 Pyrgi
295 579 417 639 veteres,
439 567 690 643 intempestaeque
711 567 875 627 Graviscae.

166 650 237 708 Non
259 665 314 722 ego
335 657 373 719 te,
397 646 534 721 Ligurum
558 648 662 711 ductor
682 646 836 706 fortissime
857 648 944 718 bello,
1052 649 1103 721 185

116 726 310 797 Transierim‚
335 725 451 800 Cinyra,
474 735 502 783 et
523 725 624 800 paucis
645 725 782 784 comitate
804 727 934 800 Cupavo‚

121 806 220 866 Cuius
243 803 372 864 olorinae
394 813 513 878 surgunt
534 804 572 862 de
595 803 700 862 vertice
722 821 845 878 pennae,
897 865 901 872 ,

123 885 247 946 Crimen
268 902 350 940 amor
369 892 504 953 vestrum,
525 883 694 957 formaeque
715 881 828 956 insigne
849 892 993 958 paternae

125 967 265 1038 Namque
287 963 388 1032 serunt,
412 961 491 1018 luctu
514 962 647 1036 Cycnum
669 959 857 1018 Phaethontis
878 961 974 1027 amati,

129 1042 274 1116 Populeas
296 1039 371 1096 inter
394 1039 512 1098 frondes
533 1040 723 1113 umbramque
745 1057 875 1098 sororum

128 1123 210 1179 Dum
231 1117 319 1189 canit,
341 1127 371 1175 et
390 1128 533 1176 maestum
555 1120 642 1176 Musa
662 1119 770 1175 solatur
790 1135 927 1188 amorem,

128 1201 295 1259 Canentem
319 1195 400 1254 molli
422 1197 520 1270 pluma
541 1194 657 1254 duxisse
679 1205 834 1267 senectam,

127 1277 326 1351 Linquentem
349 1285 447 1346 terras,
469 1285 499 1332 et
521 1273 615 1333 sidera
636 1293 709 1333 voce
731 1283 909 1349 sequentem

128 1355 229 1427 Filius,
251 1354 387 1428 aequales
409 1354 562 1411 comitatus
584 1354 675 1412 classe
697 1363 833 1422 catervas,

129 1437 288 1510 Ingentem
309 1431 394 1490 remis
416 1433 593 1491 Centaurum
614 1441 784 1507 promovet;
807 1431 855 1488 ille

128 1516 226 1586 Instat
247 1529 349 1587 aquae,
373 1528 531 1584 saxumque
552 1510 638 1569 undis
660 1510 776 1568 inmane
799 1509 924 1569 minatur

129 1593 257 1662 Arduus,
280 1600 309 1649 et
330 1590 417 1664 longa
439 1591 531 1648 sulcat
552 1589 642 1647 maria
663 1591 721 1648 alta
743 1589 846 1648 carina

174 1671 230 1729 Ille
252 1668 339 1728 etiam
358 1666 456 1743 paniis
478 1686 583 1742 agmen
604 1670 660 1727 ciet
680 1671 781 1729 Ocnus
801 1669 925 1748 eboris,

132 1747 281 1808 Fatidicae
304 1749 424 1805 Mantus
446 1757 475 1805 et
497 1745 586 1805 Tusci
606 1747 680 1805 filius
702 1747 801 1818 amnis,

133 1827 193 1900 Qui
214 1844 312 1886 muros
333 1825 490 1899 matrisque
512 1825 592 1885 dedit
614 1825 675 1897 tibi,
700 1827 832 1897 Mantua,
854 1844 972 1896 nomen,
1055 1843 1111 1881 200

134 1909 265 1974 Mantua,
288 1903 369 1962 dives
390 1903 470 1976 avis3
494 1905 545 1962 sed
567 1922 628 1962 non
649 1922 740 1978 genus
762 1904 896 1962 omnibus
917 1922 1026 1964 unum:

134 1988 215 2044 Gens
236 1982 278 2041 illi
299 1983 411 2057 triplex,
434 1981 535 2058 populi
556 1984 610 2041 sub
631 1993 717 2057 gente
739 1981 888 2057 quatemi;

135 2066 205 2138 Ipsa
225 2072 312 2136 caput
334 2061 468 2136 populis3
491 2063 589 2120 Tusco
611 2062 648 2118 de
671 2060 810 2136 sanguine
832 2059 914 2118 vires.

136 2141 218 2200 Hinc
239 2158 356 2216 quoque
380 2139 554 2214 quingentos
575 2139 605 2197 in
627 2158 659 2198 se
683 2139 848 2198 Mezentius
868 2148 968 2209 armat,

135 2221 221 2294 Quos
241 2228 323 2294 patre
346 2220 463 2277 Benaco
485 2220 596 2276 velatus
617 2219 758 2276 arundine
779 2220 881 2292 glauca

135 2297 264 2356 Mincius
286 2296 390 2354 infesta
411 2297 537 2355 ducebat
558 2296 589 2355 in
610 2315 736 2372 aequora
759 2297 837 2372 pinu.

136 2380 166 2436 It
188 2375 282 2451 gravis
302 2376 445 2446 Aulestes,
468 2385 651 2451 centenaque
672 2378 773 2435 arbore
795 2376 915 2434 fluctum

135 2455 279 2514 Verberat
301 2455 476 2528 adsurgens5
500 2465 636 2529 spumant
656 2456 732 2514 vada
752 2473 894 2514 marmore
913 2472 1006 2514 verso.

138 2536 231 2592 Hunc
250 2531 329 2591 vehit
350 2531 474 2590 inmanis
496 2532 599 2592 Triton
623 2544 652 2592 et
672 2536 788 2593 caemla
806 2533 919 2592 concha

138 2614 292 2671 Exterrens
312 2612 401 2670 freta:
425 2610 472 2668 cui
492 2612 613 2670 laterum
633 2623 718 2671 tenus
738 2613 853 2687 hispida
872 2611 954 2669 nanti
1060 2629 1116 2667 210
1151 2673 1159 2690 Ἰ

138 2693 231 2749 Frons
251 2687 400 2748 hominem
422 2690 554 2764 praefert,
576 2689 607 2747 in
628 2690 739 2765 pristim
761 2690 878 2748 destinit
899 2692 979 2747 alvus
989 2709 999 2760 3

138 2771 266 2844 Spumea
284 2767 419 2826 semifero
439 2769 493 2825 sub
513 2778 631 2842 pectore
651 2761 918 2826 murmuraf'rffida

137 2849 198 2906 Tot
220 2844 287 2904 lecti
309 2863 443 2920 proceres
465 2855 508 2902 ter
529 2845 612 2904 denis
633 2845 756 2904 navibus
778 2845 860 2904 ibant

137 2924 274 2986 Subsidio
294 2923 409 2995 Troiae,
431 2933 460 2981 et
481 2941 599 2998 campos
621 2923 687 2982 salis
707 2942 773 2982 aere
794 2925 939 2982 secabant

180 3006 302 3077 Iamque
324 3002 387 3060 dies
409 3002 491 3060 caelo
505 3013 703 3072 concesserat,
725 3003 859 3076 almaque
881 3021 963 3060 curru

141 3080 304 3156 Noctivago
326 3080 445 3138 Phoebe
466 3080 595 3138 medium
615 3081 749 3156 pulsabat
769 3081 945 3156 Olympum:

140 3163 257 3220 Aeneas
280 3157 486 3237 (nequeenim
506 3159 643 3218 membris
664 3159 714 3217 dat
735 3177 803 3216 cura
821 3159 962 3238 quietem)

143 3241 211 3314 Ipse
232 3236 336 3296 sedens
357 3237 529 3309 clavumque
550 3237 622 3311 regit
641 3237 771 3310 velisque
791 3237 939 3297 ministrat

143 3319 241 3392 Atque
260 3313 302 3374 illi
323 3313 422 3372 medio
442 3312 472 3372 in
493 3315 587 3388 spatio
608 3315 721 3386 chorus,
744 3333 820 3388 ecce,
843 3335 958 3376 suarum

1147 2769 1154 2804 l
