2460 3686
381 78 623 138 AENEIDOS
647 78 732 138 LIB.
763 78 826 136 III.

78 206 201 266 Unde
224 205 278 265 iter
300 204 416 265 Italiam
437 223 598 281 cursusque
618 203 805 266 brevissimus
825 205 920 266 undis

76 286 144 345 Sol
170 284 238 345 ruit
258 286 370 345 interea
389 296 419 345 et
438 296 555 345 montes
575 287 747 346 umbrantur
767 284 863 362 opaci.

76 367 270 426 Sternimur
291 376 411 442 optatae
430 364 541 441 gremio
563 365 672 424 telluris
692 366 732 424 ad
751 367 863 427 undam

76 445 210 508 Sortiti
229 464 336 517 remos,
357 445 525 522 passimque
545 445 576 504 in
597 445 681 505 litore
702 444 781 506 sioco
1042 460 1102 524 510

77 527 243 602 Corpora
262 544 411 586 curamus:
438 527 530 585 fessos
550 544 641 602 sopor
660 525 756 602 irrigat
775 535 861 586 artus.

77 608 249 666 Necdum
270 608 372 666 orbem
392 606 523 665 medium
545 607 614 664 Nox
634 605 713 665 horis
733 617 800 666 acta
820 603 952 667 subibat:

79 687 206 746 Haud
226 685 323 763 segnis
343 695 433 745 strato
453 685 543 763 surgit
565 685 717 746 Palinurus
738 696 768 746 et
782 704 886 746 omnes

80 768 251 842 Explorat
270 777 375 826 ventos
394 776 484 842 atque
504 765 624 825 auribus
643 769 712 825 aera
731 776 843 842 captat;

79 846 212 906 Sidera
231 859 338 905 cuncta
356 856 442 906 notat
461 846 552 906 tacito
573 845 703 906 labentia
722 849 814 918 caela,
1043 862 1099 922 515

83 929 266 985 Arcturum
287 925 458 1002 pluviasque
480 928 604 1002 Hyadas
624 925 817 1002 geminosque
837 925 971 998 Triones,

81 1009 324 1082 Armatumque
343 1026 415 1065 auro
436 1005 632 1082 circumspicit
653 1005 772 1067 Oriona.

84 1088 273 1162 Postquam
293 1097 401 1145 cuncta
419 1085 500 1146 videt
521 1088 603 1146 caelo
623 1096 759 1145 constare
780 1104 893 1156 seren0,

87 1169 171 1226 Dat
192 1168 302 1225 clarum
324 1186 340 1225 e
361 1166 455 1242 puppi
475 1166 607 1242 signum:
635 1185 691 1225 nos
711 1167 806 1224 cas'tra
825 1184 977 1226 movemus

84 1249 362 1323 Temptamusque
383 1248 461 1305 viam
482 1259 512 1305 et
532 1247 664 1306 velorum
685 1245 844 1322 pandimus
863 1247 931 1304 alas.
1044 1263 1100 1322 5²0

89 1329 236 1403 Iamque
255 1327 429 1386 rubescebat
449 1326 540 1385 stellis
561 1329 676 1385 Aurora
695 1325 811 1402 sugatis

92 1409 187 1468 Cum
208 1408 310 1483 procul
331 1410 472 1465 obscuros
493 1408 584 1466 colles
605 1406 804 1482 humilemque
825 1405 959 1466 videmus

93 1487 233 1547 Italiam.
278 1486 396 1545 Italiam
416 1486 528 1562 primus
549 1487 715 1545 conclamat
734 1487 873 1560 Achates,

94 1567 225 1626 Italiam
246 1568 324 1626 laeto
345 1565 419 1625 socii
439 1567 569 1625 clamore
589 1568 726 1625 salutant.

94 1650 186 1706 Tum
207 1656 291 1723 pater
311 1647 457 1706 Anchises
478 1665 617 1722 magnum
639 1657 750 1706 cratera
769 1665 881 1706 corona
1042 1665 1077 1724 5²
1082 1665 1098 1724 5

97 1727 211 1786 Induit
231 1726 422 1802 implevitque
442 1745 524 1785 mero
544 1725 687 1802 divosque
707 1728 822 1786 vocavit

96 1810 193 1869 Stans
214 1808 309 1882 prima
328 1805 359 1864 in
380 1807 484 1882 puppi:

99 1887 167 1947 ‘Di
187 1886 274 1944 maris
296 1897 326 1946 et
347 1897 439 1946 terrae
460 1896 727 1962 tempestatumque
748 1895 893 1963 potentes,

99 1969 211 2026 ‘Ferte
231 1967 309 2025 viam
330 1977 420 2026 vento
440 1966 556 2026 facilem
576 1977 606 2024 ct
626 1965 733 2042 spirate
754 1966 894 2026 secundi!

99 2050 305 2110 Crebrescunt
326 2056 428 2122 optate
448 2065 545 2117 aurae,
567 2056 730 2122 portusque
750 2045 874 2121 patescit
1043 2065 1099 2124 530

100 2129 173 2186 Iam
194 2125 322 2202 propior,
345 2128 548 2202 templumque
569 2136 690 2201 apparet
710 2124 741 2184 iu
761 2143 828 2184 arce
850 2125 1009 2186 Minervae.
1008 2171 1039 2220 xl

100 2209 183 2266 Vela
202 2208 304 2283 legunt
325 2205 398 2265 socii
411 2217 442 2264 et
461 2225 561 2282 proras
581 2207 621 2264 ad
641 2205 727 2264 litora
746 2215 892 2281 torquent

102 2291 214 2347 Portus
234 2289 273 2345 ab
295 2287 395 2345 Euroo
415 2286 506 2345 fluctu
526 2297 663 2344 curvatus
683 2284 713 2344 in
734 2305 834 2344 arcum
844 2305 854 2358 ;

103 2367 251 2429 Obiectae
273 2367 349 2425 salsa
369 2375 509 2441 spumant
529 2365 682 2442 aspargine
703 2377 811 2438 cautes

103 2449 178 2523 Ipse
198 2448 284 2506 latet:
311 2446 431 2521 gemino
452 2445 612 2506 demittunt
633 2447 769 2505 bracchia
789 2465 873 2508 muro
937 2502 940 2506 .
1042 2464 1097 2524 535

102 2526 216 2587 Turriti
237 2525 352 2601 scopuli
372 2526 535 2602 refugitque
556 2526 593 2586 ab
614 2525 699 2586 litore
719 2529 870 2602 templum.

105 2609 255 2682 Quattuor
274 2607 331 2680 hic,
354 2605 481 2682 primum
502 2625 600 2678 omen,
622 2625 715 2681 equos
736 2607 766 2664 in
786 2607 917 2682 gramine
937 2605 998 2667 vidi

104 2688 280 2746 Tondentes
300 2705 439 2762 campum
460 2689 527 2756 late,
550 2688 678 2745 candore
698 2685 794 2745 nivali.

106 2769 147 2826 Et
167 2777 249 2842 pater
269 2766 414 2826 Anchises
437 2769 577 2837 ‘Bellum
599 2786 618 2825 o
638 2777 713 2825 terra
733 2763 858 2840 hospita,
879 2774 996 2842 portas:

109 2847 210 2905 ‘Bello
231 2856 380 2905 armantur
400 2845 475 2920 equi,
498 2847 608 2904 bellum
629 2847 703 2904 haec
723 2856 856 2903 armenta
875 2843 1030 2904 minantur.

109 2927 185 2986 ‘Sed
205 2936 304 2986 tamen
325 2925 403 2984 idem
426 2927 497 2984 olim
518 2944 603 2984 curru
624 2925 783 2984 succedere
803 2923 879 2983 sueti
1043 2943 1096 3002 541

110 3004 349 3082 ‘Quadrupedes
372 3016 401 3066 et
422 3007 503 3065 frena
522 3004 591 3081 iugo
612 3002 771 3064 concordia
790 3005 881 3064 serre:

110 3087 198 3161 ‘Spes
219 3095 249 3145 et
269 3084 366 3161 pacis’
386 3083 433 3145 ait
476 3087 556 3144 Tum
577 3084 698 3144 numina
718 3095 820 3144 sancta
839 3103 990 3161 precamur

110 3164 236 3225 Palladis
257 3165 430 3236 armisonae,
453 3184 529 3240 quae
549 3163 642 3240 prima
662 3166 777 3240 accepit
797 3176 926 3236 ovantes,

111 3249 149 3306 Et
169 3245 266 3322 capita
286 3256 354 3304 ante
374 3265 438 3304 aras
460 3245 585 3319 Phrygio
605 3246 737 3302 velamur
757 3243 883 3316 amictu;
1043 3259 1098 3318 545

112 3324 334 3401 Praeceptisque
356 3322 476 3394 Heleni,
498 3324 620 3381 dederat
640 3341 717 3397 quae
737 3321 873 3392 maxima,
894 3320 948 3378 rite
