2462 3678
381 107 622 166 AENEIDOS
645 107 731 164 LIB.
761 106 799 163 X.
1029 117 1084 176 345

97 237 183 294 ‘Per
204 233 318 294 medios
338 232 459 310 insignis
482 234 572 310 equis,
594 236 778 311 tumidusque
800 234 929 294 secundo

98 317 225 372 ‘Marte
246 314 332 371 ruat?
364 315 434 371 Non
455 315 554 371 clausa
575 325 676 389 tegunt
696 314 753 372 iarn
773 313 888 372 moenia
908 315 1046 370 Teucros.

100 392 209 464 ‘Quin
230 390 305 449 intra
324 400 422 466 portas
442 401 529 466 atque
549 391 619 466 ipsis
638 393 749 467 proelia
768 392 891 450 miscent

101 470 288 544 ‘Aggeribus
308 487 480 541 moerorum,
502 479 532 528 et
551 471 695 529 inundant
714 470 854 546 sanguine
873 470 972 528 fossas

101 550 246 606 ‘Aeneas
267 549 382 622 ignarus
403 549 492 605 abest
531 551 738 624 Numquamne
759 548 845 606 levari
1052 559 1085 616 25

103 624 293 686 ‘Obsidione
315 625 414 684 sines?
448 625 539 684 Muris
559 626 663 686 iterum
684 627 816 685 imminet
837 626 928 684 hostis

106 703 286 762 ‘Nascentis
306 704 420 774 Troiae,
442 723 498 762 nec
519 723 579 763 non
602 705 743 764 exercitus
764 705 853 776 alter;

106 785 229 856 ‘Atque
250 781 354 840 itemm
374 781 403 838 in
426 784 555 841 Teucros
573 783 686 842 Aetolis
706 782 794 858 surgit
814 783 851 840 ab
872 781 958 856 Arpis

107 859 267 935 ‘Tydides
310 858 454 934 Equidem
474 861 571 932 credo,
593 879 660 919 mea
680 862 799 920 volnera
818 871 935 932 restant,

107 939 171 996 ‘Et
192 948 242 995 tua
262 937 414 1012 progenies
434 939 567 996 mortalia
585 941 720 998 demoror
739 943 836 996 arma!
1052 957 1090 1011 30

106 1015 160 1075 ‘Si
182 1015 244 1074 sine
265 1034 339 1091 pace
360 1027 411 1074 tua
432 1027 521 1090 atque
541 1016 633 1076 invito
656 1017 774 1076 numine
795 1019 887 1075 Troes

108 1093 249 1153 ‘Italiam
270 1093 395 1168 petiere:
420 1095 500 1152 luant
521 1106 648 1169 peccata,
671 1114 767 1171 neque
788 1094 852 1152 illos

110 1170 243 1230 ‘Iuveris
266 1171 379 1232 auxilio.
421 1173 471 1231 Sin
491 1182 535 1232 tot
555 1193 693 1249 responsa
712 1175 812 1244 secuti,

113 1252 218 1324 ‘Quae
240 1250 341 1325 Superi
365 1253 528 1327 Manesque
551 1252 678 1310 dabant:
702 1271 752 1310 cur
771 1271 850 1310 nunc
869 1261 920 1309 tua
939 1248 1089 1325 quisquam

111 1332 253 1388 ‘Vertere
274 1329 353 1387 iussa
373 1339 478 1404 potest,
500 1341 551 1388 aut
571 1349 622 1388 cur
642 1349 720 1389 nova
739 1331 865 1388 condere
886 1331 966 1388 sata?
1054 1345 1090 1402 35

114 1407 215 1482 ‘Quid
235 1419 365 1482 repetam
387 1417 501 1466 exustas
524 1408 649 1484 Erycino
670 1409 700 1466 in
723 1409 807 1468 litore
828 1410 955 1467 classes?

114 1485 215 1560 ‘Quid
238 1496 442 1561 tempestatum
465 1505 570 1562 regem,
595 1499 756 1563 ventosque
776 1489 902 1546 furentes

114 1565 239 1624 ‘Aeolia
258 1565 390 1624 excitos?
413 1575 463 1622 aut
483 1576 578 1624 actam
600 1567 725 1626 nubibus
749 1567 841 1625 Irim?

115 1646 223 1701 ‘Nunc
245 1643 332 1702 etiarn
355 1646 460 1702 Manes
483 1644 567 1722 (haec
589 1644 760 1720 intemptata
781 1647 917 1704 manebat

116 1724 203 1781 ‘Sors
225 1721 331 1788 rerum)
354 1733 459 1792 movet,
483 1733 512 1782 et
534 1723 642 1798 superis
663 1723 782 1782 inmissa
802 1734 921 1799 repente
1056 1739 1094 1791 40

117 1803 260 1870 ‘Allecto
281 1799 392 1861 medias
417 1803 523 1859 Italum
546 1803 687 1862 bacchata
708 1821 761 1876 per
781 1803 873 1860 urbes

118 1879 188 1937 ‘Nil
211 1897 297 1954 super
317 1877 439 1954 imperio
462 1899 599 1939 moveor:
625 1881 801 1955 speravimus
821 1880 884 1951 ista,

119 1961 217 2015 ‘Dum
239 1959 354 2016 fortuna
375 1957 447 2016 fuit:
469 1958 593 2032 vincant,
617 1973 690 2035 quos
711 1958 825 2017 vincere
846 1955 944 2016 mavis.
972 1973 975 1979 ·

120 2037 167 2095 ‘Si
187 2037 268 2095 nulla
289 2047 332 2095 est
353 2036 440 2112 regio,
464 2037 583 2096 Teucris
605 2057 693 2113 quarn
713 2039 763 2096 det
782 2048 832 2095 tua
851 2035 977 2093 coniunx

120 2117 227 2184 ‘Dura
249 2132 301 2190 per
321 2133 445 2186 eversae,
468 2116 588 2190 genitor,
611 2116 749 2174 fumantia
769 2113 874 2174 Troiae
1058 2127 1094 2186 45

120 2191 260 2251 ‘Excidia
282 2194 429 2252 obtestor:
453 2193 538 2251 liceat
559 2194 702 2253 dimittere
724 2196 762 2253 ab
782 2192 868 2251 armis

121 2273 321 2330 ‘Incolumem
341 2271 508 2342 Ascanium,
530 2272 615 2331 liceat
636 2291 786 2348 superesse
805 2282 951 2347 nepotem.

122 2355 254 2408 ‘Aeneas
274 2368 345 2408 sane
364 2349 470 2424 ignou’s
490 2348 611 2409 iactetur
632 2351 662 2408 in
684 2351 776 2424 undis,

123 2431 186 2500 ‘Et
209 2445 411 2503 quamcunque
431 2427 508 2486 viam
528 2430 640 2488 dederit
662 2431 797 2500 Fortuna,
820 2440 973 2504 sequatur:

122 2508 232 2563 ‘Hunc
253 2517 357 2579 tegere,
381 2516 410 2565 et
432 2506 511 2565 dirae
531 2509 641 2566 valeam
666 2510 826 2567 subducere
849 2515 970 2582 pugnae.
1061 2521 1099 2580 50

123 2586 195 2642 ‘Est
214 2584 364 2655 Amathus,
387 2595 431 2642 est
452 2587 530 2643 celsa
551 2586 621 2643 mihi
644 2588 769 2662 Paphus,
793 2597 880 2660 atque
903 2586 1036 2661 Cythera,

125 2661 310 2735 ‘Idaliaeque
332 2663 453 2721 domus:
477 2664 577 2739 positis
599 2664 736 2739 inglorius
757 2664 844 2722 annis

126 2740 246 2814 ‘Erigat
266 2739 314 2797 hic
335 2759 446 2800 aevum.
489 2744 599 2816 Magna
618 2743 734 2800 dicione
753 2741 853 2799 iubeto

126 2819 293 2892 ‘Karthago
314 2829 427 2893 premat
445 2820 625 2878 Ausoniam:
649 2820 721 2877 nihil
741 2819 861 2878 urbibus
881 2818 949 2876 inde

128 2897 281 2956 ‘Obstabit
302 2896 403 2970 Tyriis.
446 2897 526 2970 Quid
548 2907 659 2972 pestem
680 2897 802 2955 evadere
821 2898 890 2955 belli
1067 2913 1101 2970 55

128 2973 229 3044 ‘Iuvit
251 2984 281 3032 et
299 2975 451 3049 Argolicos
470 2976 598 3034 medium
618 2974 723 3050 fugisse
744 2993 796 3050 per
814 2973 896 3049 ignes
905 2996 914 3048 3

127 3056 260 3126 ‘Totque
285 3053 370 3110 maris
392 3063 548 3128 vastaeque
570 3055 708 3112 exhausta
727 3053 856 3128 pericula
876 3064 975 3125 terrae,

130 3133 224 3188 ‘Dum
247 3129 362 3188 Latium
382 3131 486 3189 Teucri
506 3131 689 3206 recidivaque
711 3133 851 3206 Pergama
871 3133 1034 3206 quaerunt?

131 3211 216 3267 ‘Non
238 3208 334 3278 satius,
358 3207 468 3267 cineres
489 3211 597 3284 patriae
617 3209 757 3268 insedisse
780 3229 937 3284 supremos,

132 3290 243 3361 ‘Atque
261 3288 363 3358 solum,
384 3305 443 3361 quo
462 3288 551 3346 Troia
569 3287 644 3347 fuit?
677 3290 828 3347 Xanthum
846 3300 876 3348 et
893 3289 1042 3348 Simoenta
1068 3291 1107 3343 60
