2462 3678
123 65 181 138 318
376 64 412 121 P.
446 65 637 124 VERGILI
657 61 870 120 MARONIS

125 188 258 264 Quorum
280 191 318 249 de
341 209 473 262 numero,
497 189 547 265 qui
571 209 635 249 sese
657 187 688 248 in
711 190 790 249 bella
814 200 988 267 sequantur,

125 271 308 329 Praestantes
329 269 433 328 virtute
456 270 544 346 legit;
576 289 643 346 pars
666 281 763 328 cetera
786 289 879 346 prona

123 349 224 407 Fertur
248 367 333 425 aqua,
359 349 515 426 segnisque
537 351 670 408 secundo
692 350 795 408 defluit
816 350 905 422 amni,

124 427 234 487 Nuntia
255 439 378 488 ventura
398 429 530 488 Ascanio
551 448 707 505 rerumque
724 429 878 505 patrisque
1067 449 1124 508 550

123 511 238 566 Dantur
257 508 327 584 equi
353 509 476 568 Teucris
497 509 648 585 Tyrrhena
669 510 837 585 petentibus
860 529 945 572 arva:

123 590 244 646 Ducunt
267 599 413 648 exsortem
438 591 566 658 Aeneae,
588 606 678 663 quem
702 590 781 646 fulva
802 589 895 648 leonis

122 667 208 727 Pellis
231 668 293 727 obit
316 680 420 739 totum,
444 669 627 744 praefulgens
651 668 799 744 unguibus
821 668 924 727 aureis.

161 749 252 806 Fama
273 749 353 807 volat
379 767 498 824 parvam
521 747 619 806 subito
640 750 757 824 volgata
779 767 832 824 per
853 751 971 822 urbem,

121 826 212 887 Ocius
232 827 273 887 ire
295 827 410 903 equites
432 826 576 904 Tyrrheni
599 827 637 886 ad
654 827 740 887 litora
760 828 842 904 regis.
1068 847 1122 906 555

120 910 199 967 Vota
223 919 304 967 metu
326 907 478 983 duplicant
500 918 615 980 matres,
637 908 815 985 propiusque
837 907 950 984 periclo
980 930 1012 946 ff

121 988 150 1045 It
170 987 265 1058 timor,
285 999 315 1047 et
339 987 432 1046 maior
455 987 559 1046 Martis
581 987 640 1045 iam
662 1000 784 1064 apparet
805 987 911 1064 imago.

120 1069 146 1125 T
149 1087 198 1125 um
220 1079 303 1144 pater
325 1068 479 1126 Euandrus
502 1068 634 1127 dextram
658 1070 831 1144 complexus
855 1067 954 1128 euntis

122 1150 242 1218 Haeret,
266 1147 430 1223 inexpletus
453 1146 616 1219 lacrimans,
640 1167 675 1206 ac
697 1150 766 1207 talia
788 1151 880 1218 sature

121 1230 166 1287 ‘O
188 1227 261 1286 mihi
281 1227 453 1303 praeteritos
474 1229 577 1286 referat
598 1228 622 1286 si
645 1229 779 1303 Iuppiter
798 1248 901 1299 annos,
1065 1231 1120 1306 560

123 1308 242 1381 ‘Qualis
267 1327 356 1381 eram,
380 1327 450 1366 cum
472 1306 596 1383 primam
619 1307 712 1366 aciem
737 1311 895 1368 Praeneste
916 1310 975 1367 sub
1002 1308 1069 1384 ipsa

121 1386 231 1446 ‘Stravi
250 1398 459 1462 scutorumque
484 1387 603 1447 incendi
627 1388 721 1447 victor
744 1407 874 1460 acervos,

121 1469 176 1526 ‘Et
195 1486 292 1543 regem
317 1469 373 1526 hac
393 1469 514 1526 Erulum
537 1469 639 1527 dextra
664 1469 719 1527 sub
740 1471 861 1528 Tartara
883 1467 972 1526 misi:

122 1546 281 1606 ‘Nascenti
302 1547 350 1606 cui
372 1559 430 1606 tres
449 1547 562 1606 animas
585 1548 710 1608 Feronia
734 1560 835 1620 mater,

122 1628 332 1686 ‘Horrendum
357 1627 446 1697 dictu,
471 1629 607 1701 dederat;
638 1639 721 1687 terna
744 1648 826 1688 arma
847 1629 1007 1700 movenda,
1060 1631 1114 1704 565

122 1709 197 1766 ‘Ter
218 1709 279 1766 leto
300 1708 476 1767 sternendus
498 1719 572 1781 erat3
600 1707 649 1765 cui
673 1719 737 1767 tum
759 1720 859 1768 tamen
882 1727 988 1768 omnes

121 1786 268 1846 ‘Abstulit
290 1788 363 1846 haec
387 1787 500 1846 animas
524 1789 634 1860 dextra
658 1798 688 1847 et
710 1789 836 1847 totidem
859 1787 937 1848 exuit
960 1788 1069 1847 armis:

121 1869 211 1926 ‘Non
232 1886 288 1942 ego
313 1887 393 1926 nunc
417 1867 497 1926 dulci
519 1869 658 1943 amplexu
681 1867 837 1928 divellerer
859 1887 995 1944 usquam,

121 1949 224 2020 ‘Nate‚
248 1958 299 2006 tuo
306 1969 313 2018 ;
341 1966 438 2022 neque
463 1947 589 2005 finitimo
613 1947 779 2006 Mezentius
803 1967 951 2024 umquam,

121 2027 219 2085 ‘Huic
247 2025 337 2103 capiti
359 2027 502 2086 insultans
530 2037 575 2086 tot
603 2029 678 2086 ferro
701 2047 789 2087 saeva
811 2028 941 2087 dedisset
1060 2046 1114 2104 570

121 2109 262 2179 ‘Funera
285 2119 344 2166 tarn
368 2106 467 2166 multis
485 2107 633 2166 viduasset
655 2107 767 2166 civibus
789 2108 899 2166 urbem.

120 2189 176 2245 ‘At
195 2207 255 2258 vos,
282 2207 300 2246 o
323 2186 428 2262 superi,
450 2198 480 2247 et
503 2187 604 2247 divom
626 2187 811 2262 tumaxime
836 2198 931 2247 rector

120 2265 279 2343 ‘Iuppiter,
302 2267 430 2340 Arcadii,
449 2287 568 2344 quaeso,
598 2267 776 2327 miserescite
795 2267 879 2344 regis

121 2349 175 2406 ‘Et
195 2347 303 2423 patrias
321 2347 422 2407 audite
445 2366 564 2423 preces:
602 2347 625 2406 si
650 2347 772 2406 numina
796 2358 892 2408 vestra

120 2428 322 2486 ‘Incolumem
347 2429 480 2486 Pallanta
503 2427 582 2498 mihi,
606 2427 630 2486 si
652 2430 712 2487 fata
736 2437 891 2498 reservant,
1059 2443 1113 2503 575

121 2505 169 2566 ‘Si
191 2507 303 2567 visurus
329 2527 397 2566 eum
421 2507 489 2566 vivo
514 2519 544 2567 et
568 2519 706 2567 venturus
731 2508 762 2566 in
784 2527 886 2579 unum,
1198 2513 1199 2520 ’

121 2587 236 2647 ‘Vitam
257 2607 309 2647 oro
320 2609 327 2660 ;
361 2587 457 2663 patior
478 2587 612 2663 quemvis
635 2589 739 2648 durare
756 2589 901 2648 laborem:

120 2667 189 2727 ‘Sin
214 2667 342 2744 aliquem
367 2668 521 2726 infandum
546 2687 656 2740 casum,
683 2670 823 2742 Fortuna,
846 2666 975 2740 minaris,

120 2751 237 2820 ‘Nunc‚
263 2769 282 2807 o
306 2768 385 2806 nunc
406 2747 492 2806 liceat
514 2748 663 2808 crudelem
688 2750 861 2825 abrumpere
880 2747 980 2820 vitam,

120 2830 221 2886 ‘Dum
244 2847 331 2888 curae
354 2827 517 2904 ambiguae,
543 2828 616 2886 dum
641 2847 707 2904 spes
732 2828 844 2888 incerta
868 2828 964 2899 futuri,
1057 2829 1112 2904 580

118 2910 218 2966 ‘Dum
246 2919 284 2980 te,
308 2928 375 2968 care
397 2927 477 2984 puer,
501 2927 569 2966 mea
589 2909 653 2967 sola
672 2920 702 2968 et
725 2928 789 2968 sera
809 2910 953 2985 voluptas,

119 2988 302 3063 ‘Complexu
320 2998 428 3063 tene03
452 2987 566 3064 gravior
590 3007 650 3048 neu
669 2989 790 3048 nuntius
809 3007 893 3048 aures

118 3069 295 3127 ‘Volneret'
335 3070 421 3126 Haec
441 3067 556 3145 genitor
571 3067 702 3144 digressu
721 3068 802 3128 dicta
817 3087 956 3144 supremo

117 3147 290 3208 Fundebat:
325 3147 427 3205 famuli
448 3150 623 3222 conlapsum
642 3148 673 3206 in
694 3158 772 3208 tecta
790 3149 930 3208 serebant

158 3228 282 3298 Iamque
301 3227 377 3282 adeo
395 3225 504 3282 exierat
519 3225 611 3298 portis
629 3227 778 3300 equitatus
797 3227 913 3302 apertis,
1058 3231 1108 3304 585

114 3303 232 3358 Aeneas
248 3301 324 3359 inter
341 3301 451 3374 primos
470 3311 499 3357 et
519 3302 595 3358 fidus
613 3304 752 3375 AchateS,
