2494 3702
135 61 193 113 ¹04
394 52 429 108 P.
460 53 652 112 VERGILI
665 54 877 113 MARONIS

137 177 256 238 Deinde
276 177 346 236 satis
367 177 487 236 fluvium
508 177 622 236 inducit
641 178 777 254 rivosque
798 190 963 254 sequentes,

137 261 184 330 Et,
204 278 274 318 cum
295 271 413 318 exustus
433 276 503 332 ager
522 257 715 316 morientibus
735 269 848 318 aestuat
868 261 974 332 herbis,

137 341 217 398 Ecce
236 337 394 414 supercilio
414 338 517 396 clivosi
538 337 660 398 tramitis
680 339 791 396 undam

138 417 249 478 Elicit?
289 419 346 476 Illa
365 419 475 476 cadens
496 437 617 476 raucum
637 437 691 494 per
710 418 787 477 levia
807 437 935 477 murmur

135 501 212 558 Saxa
231 497 299 570 ciet,
321 497 521 573 scatebrisque
540 497 653 558 arentia
673 509 816 574 temperat
836 518 911 557 arva
1076 521 1143 558 110

138 579 221 654 Quid
242 579 301 654 qui,
323 597 362 636 ne
382 577 509 654 gravidis
529 581 706 654 procumbat
726 580 840 637 culmus
860 577 963 652 aristis,

138 657 297 718 Luxuriem
318 671 450 734 segetum
472 668 573 717 tenera
593 658 727 734 depascit
746 659 778 716 in
798 659 896 729 herba,

138 741 216 800 Cum
237 737 365 814 primum
385 739 483 797 sulcos
503 749 632 814 aequant
652 749 722 810 sata,
744 737 855 814 quique
874 737 989 813 paludis

136 821 304 881 Collectum
326 838 458 877 umorem
480 820 581 878 bibula
601 819 722 878 deducit
741 819 872 878 harena?

139 899 312 959 Praesertim
332 898 450 958 incertis
471 899 496 958 si
516 900 668 958 mensibus
688 899 783 958 amnis
803 899 958 958 abundans
1074 915 1136 974 115

138 981 208 1039 Exit
227 991 258 1039 et
278 980 410 1039 obducto
430 981 489 1038 late
509 989 591 1038 tenet
611 978 712 1038 omnia
731 979 812 1048 limo,

138 1062 230 1122 Unde
250 1079 341 1118 cavae
361 1058 465 1134 tepido
485 1060 593 1118 sudant
612 1078 714 1118 umore
734 1060 865 1118 lacunae.

106 1125 245 1207 (Nec
257 1151 365 1212 tamen,
381 1141 455 1198 haec
468 1158 536 1197 cum
550 1139 609 1198 sint
622 1138 834 1232 homipumqne
847 1141 997 1213 boumque
1012 1141 1135 1198 labores

140 1221 292 1280 Versando
313 1230 418 1279 terram
439 1219 560 1296 experti,
570 1211 653 1291 ,nihil
675 1219 681 1230 ’
736 1207 930 1301 qobus²anser

138 1300 381 1376 Strymoniaeque
401 1320 486 1376 grues
507 1311 537 1359 et
557 1299 664 1358 amaris
695 1287 801 1378 ntulial
807 1298 886 1358 fibris
897 1307 920 1344 v„
946 1304 983 1344 ’ἓ
1073 1319 1134 1356 120

96 1394 103 1407 ’
139 1380 281 1441 Officiunt
303 1391 354 1440 aut
374 1382 478 1440 umbra
499 1392 594 1439 nocet
638 1379 807 1470 Pater-ipse
827 1379 944 1437 colendi
982 1405 997 1454 ,-
1062 1441 1087 1470 a,
1099 1419 1179 1485 Q

139 1461 231 1520 Haud
251 1460 367 1519 facilem
387 1479 452 1520 esse
472 1459 550 1521 viam
569 1459 671 1530 voluit,
693 1478 862 1535 pnmusque
882 1478 934 1534 per
954 1470 1046 1516 artem

140 1541 237 1600 Movit
257 1556 342 1617 agros
362 1537 447 1599 curis
459 1560 574 1599 acuens
590 1541 725 1599 mortalia
743 1542 841 1613 corda,
913 1604 917 1612 ,
1004 1602 1017 1622 2

140 1624 205 1681 Nec
225 1632 340 1696 torpere
360 1621 441 1697 gravi
461 1639 564 1697 passus
585 1639 638 1679 sua
657 1639 747 1695 regna
766 1606 965 1680 vetern0.⁹'*‘'
978 1612 1001 1628 *⁹

138 1705 218 1760 Ante
239 1703 342 1760 Iovem
364 1702 437 1759 nulli
457 1701 634 1777 subigebant
654 1720 724 1759 arva
743 1700 859 1770 coloni;
1072 1718 1105 1756 12
1110 1717 1127 1774 5

140 1785 187 1841 Ne
208 1781 322 1857 signare
343 1781 464 1856 quidem
485 1793 535 1840 aut
551 1779 654 1856 ,partiri
674 1779 766 1839 limite
789 1798 926 1855 campum

139 1863 196 1920 Fas
217 1873 295 1920 erat:
323 1860 354 1919 in
374 1861 505 1920 medium
526 1861 713 1936 quaerebant,
734 1860 856 1936 ipsaque
876 1860 962 1924 tellus

139 1941 249 2002 Omnia
270 1941 388 2002 liberius
409 1942 491 2000 nullo
512 1953 653 2016 poscente
673 1941 792 2000 ferebat.

139 2023 194 2081 Ille
215 2023 326 2080 malum
345 2021 425 2080 ⁴virus
446 2021 630 2096 serpentibus
651 2021 767 2080 addidit
779 2020 861 2093 atris,

139 2102 336 2178 Praedarique
356 2104 443 2178 lupos
463 2101 546 2160 iussit
565 2113 750 2176 pontumque
771 2101 896 2206 moverip
929 2162 959 2198 ,s
980 2152 987 2164 ,
1053 2119 1125 2178 1130

71 2249 74 2259 ¹
118 2183 291 2262 rMellaque
311 2182 440 2242 decussit
461 2181 545 2254 foliis,
567 2181 732 2256 ignemque¹
745 2182 877 2254 removit,
892 2182 933 2201 '¹’
960 2187 992 2208 “‘
1009 2169 1092 2242 W]

39 2253 59 2277 '¹
138 2263 178 2320 Et
197 2262 309 2337 passim
330 2261 397 2320 rivis
418 2261 564 2320 currentia
582 2260 651 2318 vina
671 2261 817 2336 repressit,

139 2343 183 2402 Ut
205 2342 297 2401 varias
318 2341 593 2408 ususmeditandol
604 2342 778 2400 extunderet
798 2352 873 2400 artes

139 2421 303 2492 Paullatim,
326 2432 355 2479 et
376 2420 463 2479 sulcis
483 2422 620 2480 frumenti
641 2433 792 2496 quaereret
805 2423 943 2494 berham,

138 2502 183 2561 Ut
203 2499 292 2559 silicis
312 2499 394 2560 venis
415 2501 580 2560 abstrusum
602 2503 759 2588 erpuderet
778 2500 904 2594 ignem!
941 2564 950 2595 r
979 2539 994 2615 )
1070 2517 1120 2574 135

138 2583 226 2642 Tunc
244 2579 329 2639 alnos
350 2579 479 2656 primum
500 2581 580 2639 fluvii
601 2600 719 2640 sensere
740 2581 916 2654 cavatas;;(=.=³
927 2589 967 2610 “⁸

139 2658 248 2718 Navita
268 2671 330 2726 tum
351 2660 442 2719 stellis
464 2680 602 2720 numeros
623 2672 653 2720 et
673 2660 795 2719 nomina
815 2662 883 2729 fecit
910 2687 962 2752 q„

139 2739 283 2811 Pleiadas,
300 2733 439 2816 Hyadas,
461 2742 628 2816 claramque
649 2741 795 2816 Lycaonis
815 2744 951 2813 Arct0n;

138 2821 216 2878 Tum
238 2820 350 2896 laqueis
371 2832 488 2896 captare
510 2822 585 2879 feras
606 2833 635 2879 et
656 2821 755 2880 fallere
775 2820 856 2880 visco
970 2881 973 2890 ,
997 2847 1031 2894 qu
1046 2811 1137 2855 *W

139 2899 308 2970 Inventum,
330 2911 360 2959 et
380 2919 508 2984 magnos
524 2899 647 2959 canibus
668 2901 849 2960 circumdare
870 2902 959 2968 saltus
969 2887 992 2971 ξ’)
1070 2917 1120 2972 140

137 2981 235 3054 Atque
256 2979 328 3038 alius
349 2965 553 3039 lalum'lunda
574 2980 632 3038 iam
653 2981 785 3039 verberat
806 3000 932 3050 amnem.
970 3041 975 3064 P

137 3059 211 3118 Alta
228 3069 341 3133 petens,
364 3060 531 3133 pelagoque
551 3059 624 3116 alius
645 3060 732 3143 trahit
752 3060 853 3150 umida
873 3061 951 3132 linaj
964 3075 1009 3122 0²¹
1021 3085 1041 3132 ,,··
1052 3056 1078 3102 ‘i'

137 3138 217 3195 Tum
237 3137 303 3194 ferri
324 3136 401 3211 rigor
422 3148 510 3210 atque
530 3147 649 3211 argutae
671 3132 780 3196 lamiba
801 3158 903 3211 serrae,

139 3213 230 3286 (Nam
251 3214 337 3288 primi
357 3214 457 3272 cuneis
478 3214 652 3274 scindebant
673 3217 760 3276 fissile
781 3217 906 3296 lignum)

137 3294 217 3351 Tum
239 3292 336 3351 variae
356 3303 463 3351 venere
484 3304 568 3351 artes
611 3295 710 3354 Labor
730 3297 830 3355 omnia
851 3297 946 3372 vieit„
1070 3317 1115 3376 145
