2460 3686
400 89 641 150 AENEIDOS
661 91 745 148 LIB.
769 91 815 150 II.
1041 99 1095 155 193

69 217 139 277 Cui
167 218 321 294 Pyrrhus:
345 207 484 277 ‘Re'leres
505 236 575 293 ergo
595 218 677 290 haec,
700 228 729 276 et
749 216 870 277 nuntius
890 217 946 278 ibis

71 298 236 358 ‘Pelidae
256 296 399 374 genitori:
422 296 464 356 illi
483 317 551 357 mea
570 297 663 356 tristia
682 300 760 357 sacta

70 379 362 455 ‘Degeneremque
383 379 618 453 Neoptolemum
640 397 755 437 narrare
775 389 933 439 memento.

70 459 204 518 ‘Nunc
219 460 351 518 morere!
394 459 465 518 Hoc
479 457 591 530 dicens,
606 458 707 518 altaria
721 459 759 517 ad
773 458 839 534 ipsa
852 469 1028 520 trementem
1038 477 1095 538 550

69 538 195 598 Traxit
219 537 299 599 etin
320 539 414 597 multo
433 539 601 613 lapsantem
621 537 764 614 sanguine
785 538 854 612 nati,

71 617 298 694 Inplicuitque
318 637 437 678 comam
457 620 549 691 laeva,
571 620 733 693 dextraque
754 637 909 678 coruscum

31 723 34 728 ·
71 698 212 759 Extulit
232 719 268 757 ac
288 698 370 757 lateri
391 698 498 774 capulo
520 709 604 757 tenus
625 699 739 758 abdidit
760 719 869 759 ensem.

74 781 184 840 Haec
207 779 272 837 linis
294 778 402 837 Priami
422 780 547 837 satorum
558 801 566 852 ;
587 777 636 837 hic
657 779 751 838 exitus
772 779 855 837 illum

73 862 178 920 Sorte
202 858 276 931 tulit,
297 858 418 918 Troiam
439 857 590 918 incensam
611 870 641 918 et
661 861 798 935 prolapsa
818 861 967 921 videntem
1036 878 1092 938 555

75 943 250 1017 Pergama,
272 950 317 999 tot
337 939 488 1015 quondam
510 939 628 1014 populis
649 939 791 1014 terrisque
812 943 970 1015 superbum

76 1023 297 1098 Regnatorem
318 1019 415 1078 Asiae.
460 1021 542 1078 Iacet
562 1018 666 1096 ingens
686 1018 770 1078 litore
792 1029 920 1087 trunc'us,

76 1104 299 1175 Avolsumque
320 1098 428 1158 umeris
449 1109 546 1176 caput,
567 1111 597 1159 et
617 1099 681 1158 sine
701 1097 822 1158 nomine
842 1118 958 1174 eorpus.

134 1186 196 1254 ‘At
216 1200 265 1240 me
285 1191 348 1240 tum
369 1178 497 1255 primum
518 1198 621 1239 saevus
642 1178 833 1239 circumstetit
853 1180 961 1238 horror.

80 1260 254 1338 Obstipui;
282 1259 372 1319 subiit
392 1260 451 1319 cari
471 1259 610 1335 genitoris
631 1260 737 1336 imag0,
1035 1267 1093 1338 560

80 1345 140 1405 Ut
160 1361 260 1418 regem
280 1359 462 1416 aequaevum
484 1340 594 1399 crudeli
614 1342 735 1399 volnere
754 1339 814 1399 vidi

81 1423 196 1481 Vitam
217 1422 401 1480 exhalantem
412 1441 421 1494 3
448 1419 537 1479 subiit
557 1421 674 1479 deserta
694 1421 812 1493 Creusa,

83 1505 134 1562 Et
155 1503 270 1578 direpta
291 1502 406 1573 domus,
428 1511 458 1560 et
478 1499 560 1575 parvi
580 1520 664 1559 casus
686 1499 751 1558 Iuli.
843 1554 848 1562 ,

86 1582 248 1659 Respicio,
271 1591 300 1640 et
321 1600 397 1657 quae
418 1580 454 1640 sit
475 1600 524 1639 me
545 1579 655 1639 circum
675 1581 762 1658 copia
782 1584 880 1641 lustro.

87 1667 263 1724 Deseruere
284 1680 387 1721 omnes
408 1660 524 1733 defessi,
547 1671 576 1720 et
597 1681 721 1738 corpora
741 1664 817 1721 saltu
1034 1666 1089 1740 565

88 1745 145 1804 Ad
167 1754 273 1802 terram
294 1741 399 1800 misere
420 1752 471 1801 aut
492 1741 609 1818 ignibus
629 1761 715 1817 aegra
736 1743 852 1802 dedere.

139 1822 160 1904 [‘
173 1827 298 1898 Iamque
318 1823 396 1882 adeo
416 1840 504 1897 super
524 1841 599 1880 unus
620 1841 709 1894 eram,
731 1841 800 1881 cum
820 1823 921 1881 limina
941 1825 1051 1882 Vestae

88 1907 266 1965 Servantem
287 1913 317 1962 et
337 1901 457 1961 tacitam
479 1913 591 1962 secreta
611 1901 642 1960 in
663 1904 734 1961 sede
754 1904 895 1961 latentem

87 1983 267 2062 Tyndarida
287 1982 400 2059 aspicio
410 2004 419 2057 ;
443 1982 515 2041 dant
537 1985 614 2041 clara
634 1982 774 2041 incendia
794 1984 891 2041 lucem

91 2064 212 2124 Erranti
232 2063 402 2139 passimque
423 2063 525 2122 oculos
546 2082 599 2138 per
620 2072 726 2121 cuncta
746 2063 857 2121 ferenti.
1031 2080 1090 2138 570

92 2147 152 2206 Illa
173 2143 229 2204 sibi
249 2143 370 2202 infestos
392 2162 493 2203 eversa
514 2144 553 2202 ob
575 2145 719 2218 Pergama
739 2144 878 2214 Teucros,

93 2229 135 2285 Et
156 2243 270 2301 poenas
291 2226 431 2282 Danaum
452 2233 482 2282 et
502 2222 610 2282 deserti
631 2221 763 2300 coniugis
784 2221 840 2280 iras

93 2309 314 2375 Praemetuens,
336 2303 445 2362 Troiae
466 2313 495 2363 et
516 2302 628 2379 patriae
648 2301 814 2362 communis
836 2300 948 2378 Erinys,

92 2385 260 2446 Abdiderat
281 2403 354 2455 sese,
376 2394 466 2459 atque
486 2383 543 2442 aris
564 2382 658 2442 invisa
678 2383 807 2442 sedebat.

92 2469 238 2526 Exarsere
259 2464 341 2540 ignes
362 2464 477 2536 animo;
508 2463 586 2522 subit
606 2463 648 2522 ira
668 2465 824 2522 cadentem
1030 2482 1086 2540 575

92 2545 207 2609 Ulcisci
227 2545 359 2622 patriam,
382 2554 411 2603 et
433 2546 588 2603 sceleratas
609 2563 723 2603 sumere
745 2564 877 2620 poenas:

93 2627 213 2689 Scilicet
233 2627 308 2684 haec
329 2627 463 2700 Spartam
484 2623 641 2683 incolumis
662 2624 829 2701 patriasque
852 2627 996 2701 Mycenas

92 2706 237 2783 Aspiciet,
259 2715 401 2782 partoque
422 2704 477 2764 ibit
497 2703 597 2780 regina
618 2705 790 2780 triumpho?

94 2786 334 2863 Coniugiumque
355 2786 537 2861 domumque
557 2796 653 2860 patres
675 2796 821 2858 natosque
839 2784 960 2855 videbit,

95 2867 225 2927 Iliadum
244 2867 330 2924 turba
350 2876 379 2923 et
401 2864 531 2941 Phrygiis
552 2864 692 2923 comitata
713 2863 870 2922 ministris?
1030 2868 1087 2940 580

96 2945 247 3010 Occiderit
268 2947 343 3005 ferro
364 2943 513 3003 Priamus?
553 2944 642 3003 Troia
663 2943 764 3002 arserit
784 2942 863 3018 igni?

97 3026 281 3088 Dardanium
301 3024 388 3084 toties
409 3024 521 3084 sudarit
541 3023 682 3100 sanguine
703 3023 789 3082 litus?

97 3111 167 3168 Non
188 3107 235 3167 ita
280 3107 426 3181 Namque,
449 3104 504 3164 etsi
524 3106 637 3162 nullum
659 3103 849 3163 memorabile
870 3123 979 3165 nomen

96 3186 237 3249 Feminea
256 3185 287 3244 in
308 3203 408 3261 poena
427 3196 471 3244 est
491 3203 547 3244 nec
567 3186 658 3245 habet
677 3183 799 3244 victoria
819 3185 947 3256 laudem,

98 3265 276 3328 Exstinxisse
297 3265 380 3323 nefas
401 3275 500 3323 tamen
522 3275 551 3323 et
571 3264 728 3339 sumpsisse
750 3277 895 3322 merentes
1029 3267 1084 3341 585

99 3347 255 3406 Laudabor
273 3362 395 3418 poenas,
417 3342 606 3417 animumque
627 3345 758 3418 explesse
778 3340 889 3399 iuvabit

175 3487 199 3530 s.
214 3487 242 3528 V.
259 3486 278 3526 1.
974 3475 1007 3526 13
