2462 3678
137 35 195 112 298
393 27 428 86 P.
461 25 650 86 Vanum
670 28 881 88 MAaoaus

136 155 222 217 Ilicet
242 155 395 216 infandum
415 156 514 216 cuncti
535 165 637 216 contra
657 153 758 216 omina
778 157 897 229 bellum,

136 239 249 298 Contra
269 239 447 308 taraucam,
469 255 605 313 perverso
626 235 747 296 numine
767 248 903 313 poscunt.

136 317 278 379 Certatim
298 317 373 393 regis
394 317 584 377 circumstant
603 327 682 377 tecta
703 315 817 378 Latini:
1082 322 1135 396 585

137 399 192 457 Ille
212 399 293 458 velut
312 398 408 473 pelagi
429 416 516 472 rupes
536 397 650 456 inmota
669 397 776 458 resistit
785 421 794 472 ;

137 479 181 536 Ut
201 477 296 554 pelagi
316 495 403 553 rupes
424 496 532 554 magno
551 477 689 537 veniente
709 480 830 554 fragore,

137 559 223 632 Quae
243 577 316 629 sese,
338 555 437 616 multis
457 557 566 616 circum
587 557 760 618 latrantibus
780 557 875 630 undis,

138 639 221 697 Mole
242 648 323 698 tenet
333 658 342 712 3
362 637 478 713 scopuli
498 636 680 713 nequiquam
701 649 730 698 et
751 657 873 714 spumea
892 635 1008 698 circum

137 721 212 778 saxa
233 719 368 787 fremunt,
390 716 532 793 laterique
553 717 638 776 inlisa
658 719 820 777 refunditur
840 721 912 795 alga
1082 738 1139 796 590
1197 785 1198 802 ,

137 800 248 857 Verum
269 797 321 856 ubi
342 799 420 856 nulla
440 798 525 857 datur
545 816 668 857 caecum
688 817 861 874 exsuperare
880 810 1017 874 potestas

138 878 311 952 Consilium,
334 889 364 938 et
384 896 489 938 saevae
509 888 583 938 nutu
604 877 730 938 Iunonis
751 889 821 938 eunt
840 897 905 938 res:

141 960 238 1017 Multa
257 959 330 1018 deos
350 975 495 1031 aurasque
515 968 600 1034 pater
620 968 745 1018 testatus
766 957 876 1028 inanes,

141 1038 328 1115 ‘Frangimur
348 1039 406 1097 heu
428 1037 511 1108 fatis,'
532 1036 637 1114 inquit,
660 1039 853 1114 ‘ferimurque
874 1039 1025 1114 procella!

140 1118 220 1195 ‘Ipsi
240 1120 294 1178 has
314 1118 455 1195 sacrilego
475 1117 613 1194 pendetis
634 1117 778 1194 sangnine
797 1137 919 1196 poenas,
1085 1138 1140 1197 595

140 1201 184 1260 ‘O
205 1198 310 1258 miseri
353 1201 407 1270 Te,
429 1202 538 1270 Turne,
559 1201 650 1269 nefas,
673 1210 702 1258 te
723 1198 805 1259 triste
825 1196 955 1258 manebit

140 1279 337 1355 ‘Supplicium
347 1302 356 1354 ;
377 1279 513 1354 votisque
533 1280 608 1339 deos
629 1280 806 1338 venerabere
827 1277 903 1338 seris.

141 1362 236 1418 ‘Nam
258 1359 330 1418 mihi
351 1370 434 1435 parta
454 1358 546 1434 quies,
568 1359 724 1434 omnisque
745 1359 777 1416 in
797 1358 897 1418 limIne
918 1370 1044 1435 portus;

141 1441 272 1500 ‘Funere
293 1439 369 1500 felici
390 1439 517 1516 spolior.'
559 1441 625 1499 Nec
644 1440 729 1514 plura
748 1441 863 1498 locutus

139 1520 254 1596 Saepsit
274 1539 305 1579 se
326 1520 419 1590 tectis,
441 1537 596 1593 rerumque
616 1518 733 1594 reliquit
753 1520 892 1579 habenas
1084 1523 1143 1578 600

180 1600 250 1660 Mos
270 1611 333 1660 erat
355 1599 502 1675 Hesperio
523 1599 554 1657 in
575 1599 669 1671 Latio,
691 1619 780 1675 quem
800 1599 934 1676 protinus
954 1601 1045 1659 urbes

138 1682 273 1740 Albanae
294 1682 411 1740 coluere
432 1699 555 1750 sacmm,
577 1698 657 1738 nunc
677 1679 806 1738 maxima
824 1700 920 1740 rerum

139 1763 239 1820 Roma
259 1760 337 1832 colit,
360 1781 427 1820 cum
447 1761 542 1837 prima
563 1771 684 1819 movent
703 1759 735 1818 in
755 1760 868 1836 proelia
889 1761 1027 1831 Martem,

139 1841 206 1901 Sive
227 1841 311 1901 Getis
331 1841 435 1900 inferre
456 1860 546 1899 manu
567 1839 746 1900 lacrimabile
768 1842 886 1912 bellum,

141 1921 324 1998 Hyrcanisve
344 1921 487 1982 Arabisve
506 1932 619 1997 parant,
641 1939 693 1999 seu
714 1920 835 1980 tendere
856 1921 895 1979 ad
916 1920 1021 1990 Indos,
1084 1925 1143 1997 605

139 2005 342 2076 Auroramque
364 2002 448 2076 sequi
470 2002 653 2076 Parthosque
673 2019 828 2076 reposcere
850 1999 940 2078 signa.

139 2085 213 2142 Sunt
232 2081 367 2158 geminae
389 2081 463 2141 Belli
484 2093 596 2157 portae,
618 2078 674 2158 (sic
694 2079 816 2139 nominc
838 2079 962 2160 dicunt)

139 2161 295 2238 Religione
316 2181 417 2223 sacrae
437 2172 467 2221 et
487 2161 566 2220 saevi
586 2160 743 2219 formidine
765 2161 887 2220 Martis:

140 2245 269 2302 Centum
290 2243 367 2302 aerei
388 2243 530 2302 claudunt
548 2252 647 2300 vectes
667 2251 847 2315 aeternaque
867 2239 931 2299 ferri

124 2325 269 2392 Robora,
292 2341 348 2383 nec
369 2334 468 2382 custos
489 2321 603 2382 absistit
624 2320 724 2380 limine
747 2323 847 2380 Ianus.
1083 2329 1147 2384 610

140 2405 214 2472 Has,
235 2403 286 2463 ubi
307 2414 387 2462 certa
407 2405 492 2463 sedet
511 2402 643 2480 patribus
663 2399 809 2460 sententia
829 2419 953 2478 pugnae,

140 2485 210 2558 Ipse
232 2482 376 2558 Quirinali
397 2484 498 2542 trabea
517 2482 674 2557 cinctuque
695 2480 813 2540 Gabino

139 2563 267 2640 Insignis
288 2575 396 2623 reserat
416 2562 570 2623 stridentia
588 2561 691 2620 limina
711 2562 843 2636 Consul;

140 2646 210 2720 lpse
230 2655 317 2704 vocat
338 2663 451 2720 pugnas
461 2665 470 2716 ;
495 2641 626 2718 sequitur
646 2652 709 2700 tum
730 2653 829 2701 cetera
850 2642 952 2717 pubes,

137 2727 292 2799 Aereaque
312 2725 439 2783 adsensu
460 2722 631 2799 conspirant
651 2740 762 2780 cornua
782 2740 879 2780 rauco.
1080 2727 1145 2803 615

140 2807 210 2862 Hoc
231 2814 261 2863 et
281 2814 344 2862 tum
363 2802 512 2863 Aeneadis
532 2801 662 2860 indicere
683 2802 761 2860 bella
781 2800 903 2860 LatInus

140 2885 226 2942 More
244 2881 401 2943 iubebatur
419 2883 573 2958 tristesque
593 2877 743 2939 recludere
763 2891 871 2956 portas

138 2963 288 3022 Abstinuit
309 2974 387 3023 tactu
408 2973 498 3038 pater,
520 2979 697 3035 aversusque
718 2959 823 3036 refugit

138 3044 241 3101 Foeda
261 3041 428 3113 ministeria,
450 3053 479 3101 et
500 3041 596 3099 caecis
616 3059 648 3099 se
668 3039 803 3099 condidit
824 3038 941 3099 umbris

137 3123 216 3180 Tum
238 3121 353 3198 Regina
373 3122 462 3179 deum
483 3122 567 3180 caelo
588 3121 710 3194 delapsa
731 3129 878 3178 morantes

140 3201 259 3273 Impulit
281 3201 344 3272 ipsa
364 3217 454 3255 manu
475 3210 583 3272 portas
607 3210 637 3257 et
657 3197 778 3257 cardine
798 3217 883 3256 verso

138 3278 212 3334 Belli
232 3279 353 3333 ferratos
374 3274 482 3348 rumpit
503 3277 638 3332 Saturnia
658 3287 765 3349 postes
