2442 3686
361 145 601 206 AENEIDOS
626 147 710 203 LIB.
740 147 778 203 X.
1009 159 1065 218 355

80 271 228 330 Euandri.
269 273 365 346 Quem
386 272 428 330 sic
450 275 544 333 Pallas
565 277 638 351 petit
659 287 727 336 ante
747 288 897 352 precatus:
1009 298 1066 350 420

82 353 157 406 ‘Da
178 368 264 421 nunc,
285 351 395 424 Thybri
416 363 505 440 pater,
527 354 609 424 ferro,
633 356 714 429 quod
735 355 841 414 missile
863 356 943 427 libr0,
985 352 991 360 ’

81 429 265 486 ‘Fortunam
287 439 374 502 atque
396 429 472 487 viam
493 431 557 489 duri
578 451 630 506 per
651 443 753 506 pectus
775 433 903 492 Halaesi

82 508 195 576 ‘Haec
216 525 295 563 arma
317 506 491 582 exuviasque
513 508 564 570 viri
585 521 636 567 tua
657 529 778 585 quercus
799 511 935 571 habebit'

81 571 191 642 Audiit
211 584 259 641 illa
279 585 369 642 deus.
393 586 463 643 dum
485 586 555 644 texit
577 590 699 646 Imaona
723 591 876 661 Halaesus,

80 661 216 720 Arcadio
237 661 337 720 infelix
357 665 417 721 telo
438 665 489 722 dat
509 676 611 739 pectus
632 666 781 724 inermum.
1007 685 1062 746 425

82 743 129 798 At
150 759 211 797 non
234 741 323 798 caede
345 741 397 798 viri
419 752 500 799 tanta
521 744 668 817 perterrita
690 747 810 816 Lausus,

84 817 188 875 Pars'
181 836 282 892 ingens
304 819 381 890 belli,
403 819 470 877 sinit
491 821 623 895 agmina:
647 821 754 896 primus
776 825 922 882 Abantem

84 895 265 971 Oppositum
287 896 430 966 interimit,
453 917 568 972 pugnae
589 901 756 976 nodumque
777 920 952 976 moramque

83 975 230 1033 Sternitur
248 976 390 1034 Arcadiae
412 979 516 1050 proles,
539 987 702 1037 sternuntur
724 979 845 1050 Etrusci,

84 1055 128 1111 Et
149 1071 209 1122 vos,
233 1071 252 1111 0
275 1052 368 1110 Graiis
390 1053 533 1129 inperdita
554 1074 683 1130 corpora,
706 1057 820 1115 Teucri
1008 1079 1065 1133 430

84 1130 214 1205 Agmina
235 1143 409 1190 concurrunt
432 1133 611 1221 ducibusque
634 1146 663 1192 et
684 1134 791 1194 viribus
812 1135 919 1210 aequis.

86 1209 219 1267 Extremi
242 1209 405 1268 addensent
424 1211 517 1282 acies,
541 1231 596 1270 nec
617 1214 702 1271 turba
723 1213 833 1271 moveri

86 1289 164 1344 Tela
184 1305 345 1362 manusque
366 1287 440 1346 sinit
484 1256 565 1347 Hinc
587 1292 682 1348 Pallas
703 1291 790 1348 instat
812 1301 841 1350 et
863 1303 973 1366 urguet,

87 1365 173 1423 Hinc
194 1376 294 1424 contra
317 1368 436 1437 Lausus,
461 1365 528 1442 (nec
549 1371 670 1427 multum
694 1369 837 1444 discrepat
859 1369 959 1445 aetas)

87 1442 205 1518 Egregii
226 1445 334 1514 forma,
359 1445 411 1503 sed
432 1445 496 1520 quis
517 1447 632 1504 fortuna
652 1458 770 1522 negarat
1005 1464 1061 1523 435

87 1524 127 1579 In
149 1521 270 1596 patriam
291 1521 406 1580 reditus.
449 1526 534 1599 Ipsos
556 1543 724 1612 concurrere
745 1545 846 1600 passus

89 1601 183 1658 Haud
204 1611 301 1658 tamen
323 1600 398 1658 inter
419 1620 449 1659 se
471 1602 567 1676 magni
588 1615 721 1677 regnator
742 1604 877 1680 Olympi,

89 1680 165 1736 Mox
185 1677 250 1736 illos
272 1697 325 1737 sua
346 1680 404 1736 sata
425 1692 544 1738 manent
565 1681 674 1740 maiore
696 1684 750 1741 sub
772 1684 863 1741 hoste

130 1758 247 1815 Interea
268 1776 347 1815 soror
368 1760 445 1815 alma
466 1769 566 1817 monet
588 1762 742 1818 succedere
764 1763 859 1818 Lauso

88 1837 230 1905 Turnum,
253 1836 303 1909 qui
323 1835 433 1893 volucri
454 1855 537 1894 curru
558 1838 687 1896 medium
708 1848 787 1896 secat
807 1856 917 1912 agmen.
1008 1857 1066 1909 440

91 1915 135 1972 Ut
155 1913 227 1971 vidit
248 1913 360 1973 socios:
386 1917 531 1990 ‘Tempus
553 1915 690 1974 desistere
710 1933 823 1990 pugnae
833 1937 841 1986 3

91 1993 192 2050 ‘Solus
215 2009 269 2066 ego
290 1990 320 2048 in
343 1994 473 2050 Pallanta
493 1995 585 2068 feror3
610 1994 663 2052 soli
685 1995 755 2051 mihi
777 1993 871 2050 Pallas

90 2072 241 2128 ‘Debetur
248 2091 258 2142 3
280 2089 415 2144 cuperem
437 2072 499 2145 ipse
519 2090 623 2145 parens
643 2082 788 2146 spectator
807 2070 940 2128 adesset.’

91 2151 178 2206 Haec
198 2148 256 2219 ait;
280 2159 309 2206 et
330 2149 402 2206 socii
422 2159 570 2207 cesserunt
578 2167 715 2238 'aequore
738 2149 823 2207 iusso.

90 2229 139 2297 At,
164 2191 304 2284 Rutulum
324 2227 497 2297 abscessu,¹
490 2227 601 2285 ruvenis
621 2238 682 2285 tum
704 2227 780 2284 iussa
801 2227 923 2300 superba
1009 2241 1065 2302 445

92 2270 214 2364 Miratus
236 2314 333 2378 stupet
354 2305 384 2362 in
406 2272 516 2375 Tuin0,
539 2324 702 2394 corpusque
723 2305 898 2380 peringens

91 2383 216 2443 Lumina
237 2381 334 2454 volvit,
357 2382 475 2457 obitque
497 2383 569 2440 truci
590 2385 690 2459 procul
712 2382 809 2441 omnia
831 2383 911 2455 visu3
1013 2419 1017 2426 -

91 2461 213 2519 Talibus
235 2471 264 2519 et
285 2460 369 2519 dictis
394 2461 416 2518 it
438 2471 539 2519 contra
560 2462 639 2520 dicta
659 2461 791 2551 tyranni·

93 2542 170 2597 ‘Aut
190 2538 289 2613 spoliis
310 2557 364 2614 ego
385 2539 443 2597 iam
464 2539 552 2614 raptis
571 2541 710 2598 laudabor
732 2538 843 2614 opimis,

94 2620 170 2675 ‘Aut
191 2619 251 2675 leto
273 2616 384 2692 insigni.
427 2618 502 2676 Sorti
522 2628 605 2692 pater
625 2635 734 2692 aequus
756 2617 869 2691 utrique
892 2627 942 2675 est.
1010 2633 1069 2690 450

96 2697 195 2754 ‘Tolle
217 2696 327 2754 minas!
368 2697 457 2754 Fatus
480 2696 610 2754 medium
629 2694 761 2769 procedit
781 2695 812 2750 in
833 2712 949 2782 aequor.

95 2773 224 2848 Frigidus
246 2774 406 2832 Arcadibus
428 2773 487 2832 coit
506 2774 537 2830 in
558 2772 726 2848 praecordia
746 2771 868 2846 sanguis

95 2851 220 2910 Desiluit
241 2854 358 2910 Turnus
379 2851 502 2927 biiugis3
524 2853 615 2926 pedes
636 2860 756 2925 apparat
776 2848 816 2906 ire

96 2929 272 2990 Comminus.
315 2931 415 3020 thue
437 2933 491 3002 leo,
515 2930 633 3004 specula
654 2946 744 3002 quum
763 2926 835 2986 vidit
855 2928 893 2984 ab
914 2928 973 2984 alta

95 3010 174 3068 Stare
194 3009 295 3082 procul
315 3009 425 3083 campis
447 3005 664 3066 meditantem
656 3026 687 3063 m
706 3006 817 3094 proelia
837 3015 959 3075 taurum,
1014 3022 1069 3081 455

95 3087 239 3158 Advolat;
262 3086 341 3144 haud
363 3085 485 3144 aliaest
507 3084 598 3143 Turni
619 3083 761 3145 venientis
782 3083 886 3158 imago

96 3167 186 3226 Hunc
207 3163 258 3222 ubi
278 3163 448 3238 contiguum
469 3163 573 3221 missae
594 3165 655 3222 fore
677 3161 799 3221 credidit
820 3163 927 3234 hastae,

97 3245 143 3302 Ire
165 3243 242 3317 prior
264 3243 368 3312 Pallas,
390 3241 415 3298 si
437 3261 495 3315 qua
515 3243 573 3298 fors
595 3239 711 3299 adiuvet
732 3257 833 3298 ausum

98 3320 213 3382 Viribus
230 3320 387 3396 inparibus,
409 3337 604 3393 magnumque
625 3317 666 3375 ita
688 3317 725 3373 ad
746 3317 863 3375 aethera
883 3317 976 3373 satine

892 3444 987 3500 23-2
