<?xml version="1.0" encoding="UTF-8"?>
<!DOCTYPE html PUBLIC "-//W3C//DTD XHTML 1.0 Transitional//EN"
    "http://www.w3.org/TR/xhtml1/DTD/xhtml1-transitional.dtd">
<html xmlns="http://www.w3.org/1999/xhtml" xml:lang="en" lang="en">
 <head>
  <title>
</title>
<meta http-equiv="Content-Type" content="text/html;charset=utf-8" />
  <meta name='ocr-system' content='tesseract 3.04.00' />
  <meta name='ocr-capabilities' content='ocr_page ocr_carea ocr_par ocr_line ocrx_word'/>
</head>
<body>
  <div class='ocr_page' id='page_1' title='image "./pvergilimaronis13virggoog/pvergilimaronis13virggoog_0316.png"; bbox 0 0 2462 3678; ppageno 0'>
   <div class='ocr_carea' id='block_1_1' title="bbox 33 130 1075 333">
    <p class='ocr_par' dir='ltr' id='par_1_1' title="bbox 33 130 1075 333">
     <span class='ocr_line' id='line_1_1' title="bbox 354 130 1075 210; baseline 0.008 -24"><span class='ocrx_word' id='word_1_1' title='bbox 354 130 594 192; x_wconf 86' lang='lat' dir='ltr'>AENEIDOS</span> <span class='ocrx_word' id='word_1_2' title='bbox 618 132 704 191; x_wconf 88' lang='lat' dir='ltr'><em>LIB.</em></span> <span class='ocrx_word' id='word_1_3' title='bbox 738 134 826 191; x_wconf 88' lang='lat' dir='ltr'><em>VIII.</em></span> <span class='ocrx_word' id='word_1_4' title='bbox 1019 153 1075 210; x_wconf 82' lang='lat'>307</span> 
     </span>
     <span class='ocr_line' id='line_1_2' title="bbox 33 253 824 333; baseline 0.004 -20"><span class='ocrx_word' id='word_1_5' title='bbox 33 254 95 313; x_wconf 91' lang='lat' dir='ltr'>Ut</span> <span class='ocrx_word' id='word_1_6' title='bbox 129 255 240 314; x_wconf 89' lang='lat' dir='ltr'>celsas</span> <span class='ocrx_word' id='word_1_7' title='bbox 261 253 362 314; x_wconf 88' lang='lat' dir='ltr'>videre</span> <span class='ocrx_word' id='word_1_8' title='bbox 380 264 466 326; x_wconf 87' lang='lat' dir='ltr'>rates,</span> <span class='ocrx_word' id='word_1_9' title='bbox 491 265 581 331; x_wconf 90' lang='lat' dir='ltr'>atque</span> <span class='ocrx_word' id='word_1_10' title='bbox 603 255 678 315; x_wconf 90' lang='lat' dir='ltr'>inter</span> <span class='ocrx_word' id='word_1_11' title='bbox 697 275 824 333; x_wconf 84' lang='lat' dir='ltr'>opacum</span> 
     </span>
    </p>
   </div>
   <div class='ocr_carea' id='block_1_2' title="bbox 31 333 1076 3444">
    <p class='ocr_par' dir='ltr' id='par_1_2' title="bbox 31 333 1076 3444">
     <span class='ocr_line' id='line_1_3' title="bbox 31 333 819 409; baseline 0.005 -17"><span class='ocrx_word' id='word_1_12' title='bbox 31 333 189 393; x_wconf 87' lang='lat' dir='ltr'>Adlabi</span> <span class='ocrx_word' id='word_1_13' title='bbox 213 354 327 407; x_wconf 78' lang='lat' dir='ltr'>nemuS,</span> <span class='ocrx_word' id='word_1_14' title='bbox 353 345 383 394; x_wconf 92' lang='lat' dir='ltr'>et</span> <span class='ocrx_word' id='word_1_15' title='bbox 405 335 500 394; x_wconf 89' lang='lat' dir='ltr'>tacitis</span> <span class='ocrx_word' id='word_1_16' title='bbox 529 336 700 396; x_wconf 87' lang='lat' dir='ltr'>incumbere</span> <span class='ocrx_word' id='word_1_17' title='bbox 723 337 819 409; x_wconf 91' lang='lat' dir='ltr'>remis,</span> 
     </span>
     <span class='ocr_line' id='line_1_4' title="bbox 31 413 749 492; baseline 0.007 -21"><span class='ocrx_word' id='word_1_18' title='bbox 31 415 239 472; x_wconf 89' lang='lat' dir='ltr'>Terrentur</span> <span class='ocrx_word' id='word_1_19' title='bbox 261 414 325 473; x_wconf 91' lang='lat' dir='ltr'>visu</span> <span class='ocrx_word' id='word_1_20' title='bbox 342 413 440 474; x_wconf 86' lang='lat' dir='ltr'>subito</span> <span class='ocrx_word' id='word_1_21' title='bbox 462 415 621 492; x_wconf 90' lang='lat' dir='ltr'>cunctique</span> <span class='ocrx_word' id='word_1_22' title='bbox 642 416 749 476; x_wconf 88' lang='lat' dir='ltr'>relictis</span> 
     </span>
     <span class='ocr_line' id='line_1_5' title="bbox 32 494 1076 572; baseline 0.001 -19"><span class='ocrx_word' id='word_1_23' title='bbox 32 494 269 571; x_wconf 86' lang='lat' dir='ltr'><strong>Consurgunt</strong></span> <span class='ocrx_word' id='word_1_24' title='bbox 290 495 407 553; x_wconf 86' lang='lat' dir='ltr'><strong>mensis.</strong></span> <span class='ocrx_word' id='word_1_25' title='bbox 450 495 557 553; x_wconf 83' lang='lat' dir='ltr'>Audax</span> <span class='ocrx_word' id='word_1_26' title='bbox 580 513 656 571; x_wconf 92' lang='lat' dir='ltr'>quos</span> <span class='ocrx_word' id='word_1_27' title='bbox 677 515 812 572; x_wconf 89' lang='lat' dir='ltr'>rumpere</span> <span class='ocrx_word' id='word_1_28' title='bbox 840 498 935 557; x_wconf 84' lang='lat' dir='ltr'>Pallas</span> <span class='ocrx_word' id='word_1_29' title='bbox 1020 516 1076 554; x_wconf 87' lang='lat'>110</span> 
     </span>
     <span class='ocr_line' id='line_1_6' title="bbox 33 575 850 652; baseline 0.005 -21"><span class='ocrx_word' id='word_1_30' title='bbox 33 575 162 632; x_wconf 82' lang='lat' dir='ltr'>Sacra</span> <span class='ocrx_word' id='word_1_31' title='bbox 189 584 276 644; x_wconf 90' lang='lat' dir='ltr'>vetat,</span> <span class='ocrx_word' id='word_1_32' title='bbox 301 586 445 650; x_wconf 86' lang='lat' dir='ltr'>raptoque</span> <span class='ocrx_word' id='word_1_33' title='bbox 467 576 546 634; x_wconf 90' lang='lat' dir='ltr'>volat</span> <span class='ocrx_word' id='word_1_34' title='bbox 568 577 628 635; x_wconf 89' lang='lat' dir='ltr'>telo</span> <span class='ocrx_word' id='word_1_35' title='bbox 650 575 754 635; x_wconf 89' lang='lat' dir='ltr'>obvius</span> <span class='ocrx_word' id='word_1_36' title='bbox 777 576 850 652; x_wconf 90' lang='lat' dir='ltr'>ipse,</span> 
     </span>
     <span class='ocr_line' id='line_1_7' title="bbox 35 654 967 733; baseline 0.006 -23"><span class='ocrx_word' id='word_1_37' title='bbox 35 655 90 711; x_wconf 91' lang='lat' dir='ltr'>Et</span> <span class='ocrx_word' id='word_1_38' title='bbox 122 654 243 729; x_wconf 89' lang='lat' dir='ltr'>procul</span> <span class='ocrx_word' id='word_1_39' title='bbox 267 673 284 713; x_wconf 90' lang='lat' dir='ltr'>e</span> <span class='ocrx_word' id='word_1_40' title='bbox 308 655 441 713; x_wconf 91' lang='lat' dir='ltr'>tumulo:</span> <span class='ocrx_word' id='word_1_41' title='bbox 464 656 617 727; x_wconf 71' lang='lat' dir='ltr'>‘Iuvenes</span> <span class='ocrx_word' id='word_1_42' title='bbox 640 674 716 730; x_wconf 89' lang='lat' dir='ltr'>quae</span> <span class='ocrx_word' id='word_1_43' title='bbox 741 675 830 714; x_wconf 88' lang='lat' dir='ltr'>causa</span> <span class='ocrx_word' id='word_1_44' title='bbox 852 654 967 733; x_wconf 84' lang='lat' dir='ltr'>subegit</span> 
     </span>
     <span class='ocr_line' id='line_1_8' title="bbox 38 733 903 810; baseline 0.003 -20"><span class='ocrx_word' id='word_1_45' title='bbox 38 735 219 809; x_wconf 86' lang='lat' dir='ltr'>‘Ignotas</span> <span class='ocrx_word' id='word_1_46' title='bbox 241 744 385 808; x_wconf 87' lang='lat' dir='ltr'>temptare</span> <span class='ocrx_word' id='word_1_47' title='bbox 409 733 493 792; x_wconf 87' lang='lat' dir='ltr'>vias?</span> <span class='ocrx_word' id='word_1_48' title='bbox 528 754 587 810; x_wconf 91' lang='lat' dir='ltr'>quo</span> <span class='ocrx_word' id='word_1_49' title='bbox 611 734 768 794; x_wconf 73' lang='lat' dir='ltr'>tenditisl&#39;</span> <span class='ocrx_word' id='word_1_50' title='bbox 799 735 903 810; x_wconf 89' lang='lat' dir='ltr'>inquit,</span> 
     </span>
     <span class='ocr_line' id='line_1_9' title="bbox 37 813 1074 891; baseline 0.003 -21"><span class='ocrx_word' id='word_1_51' title='bbox 37 813 150 887; x_wconf 88' lang='lat' dir='ltr'>‘Qui</span> <span class='ocrx_word' id='word_1_52' title='bbox 169 815 280 889; x_wconf 87' lang='lat' dir='ltr'>genus?</span> <span class='ocrx_word' id='word_1_53' title='bbox 306 814 387 873; x_wconf 93' lang='lat' dir='ltr'>unde</span> <span class='ocrx_word' id='word_1_54' title='bbox 409 813 524 873; x_wconf 88' lang='lat' dir='ltr'>domo?</span> <span class='ocrx_word' id='word_1_55' title='bbox 550 833 694 891; x_wconf 85' lang='lat' dir='ltr'><strong>pacemne</strong></span> <span class='ocrx_word' id='word_1_56' title='bbox 715 817 776 874; x_wconf 89' lang='lat' dir='ltr'>huc</span> <span class='ocrx_word' id='word_1_57' title='bbox 797 815 886 887; x_wconf 84' lang='lat' dir='ltr'>fertis,</span> <span class='ocrx_word' id='word_1_58' title='bbox 907 835 946 874; x_wconf 90' lang='lat' dir='ltr'>an</span> <span class='ocrx_word' id='word_1_59' title='bbox 963 817 1074 876; x_wconf 88' lang='lat' dir='ltr'>arma?&#39;</span> 
     </span>
     <span class='ocr_line' id='line_1_10' title="bbox 36 893 1072 971; baseline 0.003 -21"><span class='ocrx_word' id='word_1_60' title='bbox 36 895 153 950; x_wconf 90' lang='lat' dir='ltr'>Tum</span> <span class='ocrx_word' id='word_1_61' title='bbox 177 903 261 969; x_wconf 89' lang='lat' dir='ltr'>pater</span> <span class='ocrx_word' id='word_1_62' title='bbox 281 895 398 952; x_wconf 84' lang='lat' dir='ltr'>Aeneas</span> <span class='ocrx_word' id='word_1_63' title='bbox 420 893 513 970; x_wconf 92' lang='lat' dir='ltr'>puppi</span> <span class='ocrx_word' id='word_1_64' title='bbox 537 893 579 952; x_wconf 91' lang='lat' dir='ltr'>sic</span> <span class='ocrx_word' id='word_1_65' title='bbox 604 896 681 953; x_wconf 85' lang='lat' dir='ltr'>fatur</span> <span class='ocrx_word' id='word_1_66' title='bbox 701 897 740 954; x_wconf 91' lang='lat' dir='ltr'>ab</span> <span class='ocrx_word' id='word_1_67' title='bbox 761 896 828 966; x_wconf 80' lang='lat' dir='ltr'>alta,</span> <span class='ocrx_word' id='word_1_68' title='bbox 1018 913 1072 971; x_wconf 84' lang='lat'>115</span> 
     </span>
     <span class='ocr_line' id='line_1_11' title="bbox 40 972 861 1050; baseline 0.007 -20"><span class='ocrx_word' id='word_1_69' title='bbox 40 972 285 1048; x_wconf 87' lang='lat' dir='ltr'>Paciferaeque</span> <span class='ocrx_word' id='word_1_70' title='bbox 309 991 399 1032; x_wconf 87' lang='lat' dir='ltr'>manu</span> <span class='ocrx_word' id='word_1_71' title='bbox 420 992 535 1031; x_wconf 89' lang='lat' dir='ltr'>ramum</span> <span class='ocrx_word' id='word_1_72' title='bbox 558 973 724 1050; x_wconf 84' lang='lat' dir='ltr'>praetendit</span> <span class='ocrx_word' id='word_1_73' title='bbox 748 973 861 1036; x_wconf 87' lang='lat' dir='ltr'>olivae:</span> 
     </span>
     <span class='ocr_line' id='line_1_12' title="bbox 42 1052 811 1129; baseline 0.003 -19"><span class='ocrx_word' id='word_1_74' title='bbox 42 1052 278 1129; x_wconf 85' lang='lat' dir='ltr'>‘Troiugenas</span> <span class='ocrx_word' id='word_1_75' title='bbox 302 1072 337 1111; x_wconf 89' lang='lat' dir='ltr'>ac</span> <span class='ocrx_word' id='word_1_76' title='bbox 362 1054 421 1111; x_wconf 92' lang='lat' dir='ltr'>tela</span> <span class='ocrx_word' id='word_1_77' title='bbox 441 1053 526 1112; x_wconf 90' lang='lat' dir='ltr'>vides</span> <span class='ocrx_word' id='word_1_78' title='bbox 547 1052 667 1112; x_wconf 90' lang='lat' dir='ltr'>inimica</span> <span class='ocrx_word' id='word_1_79' title='bbox 690 1053 811 1126; x_wconf 69' lang='lat' dir='ltr'>Latinis</span> 
     </span>
     <span class='ocr_line' id='line_1_13' title="bbox 44 1131 779 1210; baseline 0 -20"><span class='ocrx_word' id='word_1_80' title='bbox 44 1133 180 1207; x_wconf 89' lang='lat' dir='ltr'>‘Quos</span> <span class='ocrx_word' id='word_1_81' title='bbox 201 1131 243 1190; x_wconf 92' lang='lat' dir='ltr'>illi</span> <span class='ocrx_word' id='word_1_82' title='bbox 267 1133 346 1192; x_wconf 93' lang='lat' dir='ltr'>bello</span> <span class='ocrx_word' id='word_1_83' title='bbox 367 1133 507 1210; x_wconf 87' lang='lat' dir='ltr'>profugos</span> <span class='ocrx_word' id='word_1_84' title='bbox 534 1152 619 1210; x_wconf 89' lang='lat' dir='ltr'>egere</span> <span class='ocrx_word' id='word_1_85' title='bbox 644 1134 779 1210; x_wconf 91' lang='lat' dir='ltr'>superbo.</span> 
     </span>
     <span class='ocr_line' id='line_1_14' title="bbox 46 1213 922 1288; baseline 0.003 -18"><span class='ocrx_word' id='word_1_86' title='bbox 46 1213 268 1280; x_wconf 86' lang='lat' dir='ltr'>‘Euandrum</span> <span class='ocrx_word' id='word_1_87' title='bbox 291 1213 427 1288; x_wconf 81' lang='lat' dir='ltr'>petimus</span> <span class='ocrx_word' id='word_1_88' title='bbox 461 1215 547 1273; x_wconf 89' lang='lat' dir='ltr'>Ferte</span> <span class='ocrx_word' id='word_1_89' title='bbox 569 1215 644 1273; x_wconf 93' lang='lat' dir='ltr'>haec</span> <span class='ocrx_word' id='word_1_90' title='bbox 665 1224 696 1273; x_wconf 89' lang='lat' dir='ltr'>et</span> <span class='ocrx_word' id='word_1_91' title='bbox 718 1213 807 1273; x_wconf 91' lang='lat' dir='ltr'>dicite</span> <span class='ocrx_word' id='word_1_92' title='bbox 830 1214 922 1273; x_wconf 91' lang='lat' dir='ltr'>lectos</span> 
     </span>
     <span class='ocr_line' id='line_1_15' title="bbox 45 1291 1072 1370; baseline 0.001 -20"><span class='ocrx_word' id='word_1_93' title='bbox 45 1291 263 1352; x_wconf 85' lang='lat' dir='ltr'>‘Dardaniae</span> <span class='ocrx_word' id='word_1_94' title='bbox 285 1291 401 1352; x_wconf 88' lang='lat' dir='ltr'>venisse</span> <span class='ocrx_word' id='word_1_95' title='bbox 421 1293 513 1352; x_wconf 91' lang='lat' dir='ltr'>duces</span> <span class='ocrx_word' id='word_1_96' title='bbox 535 1293 616 1353; x_wconf 86' lang='lat' dir='ltr'>socia</span> <span class='ocrx_word' id='word_1_97' title='bbox 637 1313 719 1352; x_wconf 88' lang='lat' dir='ltr'>arma</span> <span class='ocrx_word' id='word_1_98' title='bbox 739 1295 893 1370; x_wconf 65' lang='lat' dir='ltr'>rogantes!</span> <span class='ocrx_word' id='word_1_99' title='bbox 1016 1313 1072 1351; x_wconf 87' lang='lat'>120</span> 
     </span>
     <span class='ocr_line' id='line_1_16' title="bbox 48 1371 789 1448; baseline 0.003 -16"><span class='ocrx_word' id='word_1_100' title='bbox 48 1371 227 1448; x_wconf 89' lang='lat' dir='ltr'>Obstipuit</span> <span class='ocrx_word' id='word_1_101' title='bbox 249 1383 334 1431; x_wconf 86' lang='lat' dir='ltr'>tanto</span> <span class='ocrx_word' id='word_1_102' title='bbox 353 1391 508 1448; x_wconf 89' lang='lat' dir='ltr'>percussus</span> <span class='ocrx_word' id='word_1_103' title='bbox 530 1373 651 1433; x_wconf 90' lang='lat' dir='ltr'>nomine</span> <span class='ocrx_word' id='word_1_104' title='bbox 674 1374 789 1434; x_wconf 86' lang='lat' dir='ltr'>Pallas:</span> 
     </span>
     <span class='ocr_line' id='line_1_17' title="bbox 56 1451 1016 1529; baseline 0.001 -19"><span class='ocrx_word' id='word_1_105' title='bbox 56 1452 247 1529; x_wconf 89' lang='lat' dir='ltr'>‘Egredere</span> <span class='ocrx_word' id='word_1_106' title='bbox 271 1471 290 1509; x_wconf 95' lang='lat' dir='ltr'>o</span> <span class='ocrx_word' id='word_1_107' title='bbox 313 1451 492 1528; x_wconf 88' lang='lat' dir='ltr'>quicumque</span> <span class='ocrx_word' id='word_1_108' title='bbox 515 1454 565 1524; x_wconf 86' lang='lat' dir='ltr'>es‚&#39;</span> <span class='ocrx_word' id='word_1_109' title='bbox 592 1453 642 1524; x_wconf 89' lang='lat' dir='ltr'>ait,</span> <span class='ocrx_word' id='word_1_110' title='bbox 667 1458 842 1529; x_wconf 90' lang='lat' dir='ltr'>‘coramque</span> <span class='ocrx_word' id='word_1_111' title='bbox 864 1462 1016 1528; x_wconf 90' lang='lat' dir='ltr'>parentem</span> 
     </span>
     <span class='ocr_line' id='line_1_18' title="bbox 53 1532 932 1609; baseline 0.002 -19"><span class='ocrx_word' id='word_1_112' title='bbox 53 1534 271 1608; x_wconf 89' lang='lat' dir='ltr'>‘Adloquere,</span> <span class='ocrx_word' id='word_1_113' title='bbox 291 1552 325 1590; x_wconf 90' lang='lat' dir='ltr'>ac</span> <span class='ocrx_word' id='word_1_114' title='bbox 347 1532 454 1591; x_wconf 90' lang='lat' dir='ltr'>nostris</span> <span class='ocrx_word' id='word_1_115' title='bbox 474 1533 602 1592; x_wconf 86' lang='lat' dir='ltr'>succede</span> <span class='ocrx_word' id='word_1_116' title='bbox 623 1533 778 1608; x_wconf 90' lang='lat' dir='ltr'>penatibus</span> <span class='ocrx_word' id='word_1_117' title='bbox 800 1534 909 1609; x_wconf 84' lang='lat' dir='ltr'>hospes</span> <span class='ocrx_word' id='word_1_118' title='bbox 917 1535 932 1592; x_wconf 77' lang='grc' dir='ltr'>ε’</span> 
     </span>
     <span class='ocr_line' id='line_1_19' title="bbox 55 1611 917 1690; baseline 0.002 -21"><span class='ocrx_word' id='word_1_119' title='bbox 55 1611 261 1687; x_wconf 89' lang='lat' dir='ltr'>Excepitque</span> <span class='ocrx_word' id='word_1_120' title='bbox 285 1631 375 1670; x_wconf 88' lang='lat' dir='ltr'>manu</span> <span class='ocrx_word' id='word_1_121' title='bbox 397 1613 589 1688; x_wconf 85' lang='lat' dir='ltr'>dextramque</span> <span class='ocrx_word' id='word_1_122' title='bbox 611 1615 762 1690; x_wconf 88' lang='lat' dir='ltr'>amplexus</span> <span class='ocrx_word' id='word_1_123' title='bbox 786 1612 917 1673; x_wconf 88' lang='lat' dir='ltr'>inhaesit.</span> 
     </span>
     <span class='ocr_line' id='line_1_20' title="bbox 54 1692 1069 1770; baseline 0 -20"><span class='ocrx_word' id='word_1_124' title='bbox 54 1692 223 1768; x_wconf 84' lang='lat' dir='ltr'>Progressi</span> <span class='ocrx_word' id='word_1_125' title='bbox 245 1692 372 1752; x_wconf 89' lang='lat' dir='ltr'>subeunt</span> <span class='ocrx_word' id='word_1_126' title='bbox 395 1693 465 1751; x_wconf 91' lang='lat' dir='ltr'>luco</span> <span class='ocrx_word' id='word_1_127' title='bbox 487 1692 665 1768; x_wconf 89' lang='lat' dir='ltr'>fluviumque</span> <span class='ocrx_word' id='word_1_128' title='bbox 692 1693 868 1770; x_wconf 90' lang='lat' dir='ltr'>relinquunt.</span> <span class='ocrx_word' id='word_1_129' title='bbox 1017 1711 1069 1768; x_wconf 85' lang='lat'>1²5</span> 
     </span>
     <span class='ocr_line' id='line_1_21' title="bbox 106 1771 875 1848; baseline 0 -17"><span class='ocrx_word' id='word_1_130' title='bbox 106 1773 192 1831; x_wconf 91' lang='lat' dir='ltr'>Tum</span> <span class='ocrx_word' id='word_1_131' title='bbox 215 1790 314 1848; x_wconf 85' lang='lat' dir='ltr'>regem</span> <span class='ocrx_word' id='word_1_132' title='bbox 338 1774 455 1831; x_wconf 89' lang='lat' dir='ltr'>Aeneas</span> <span class='ocrx_word' id='word_1_133' title='bbox 480 1771 565 1832; x_wconf 87' lang='lat' dir='ltr'>dictis</span> <span class='ocrx_word' id='word_1_134' title='bbox 587 1774 703 1832; x_wconf 83' lang='lat' dir='ltr'>adfatur</span> <span class='ocrx_word' id='word_1_135' title='bbox 725 1772 846 1831; x_wconf 88' lang='lat' dir='ltr'>amicis:</span> <span class='ocrx_word' id='word_1_136' title='bbox 871 1804 875 1810; x_wconf 92' lang='lat'>·</span> 
     </span>
     <span class='ocr_line' id='line_1_22' title="bbox 57 1850 884 1964; baseline -0.005 -52"><span class='ocrx_word' id='word_1_137' title='bbox 57 1852 215 1964; x_wconf 82' lang='lat' dir='ltr'>‘Optime</span> <span class='ocrx_word' id='word_1_138' title='bbox 240 1851 450 1928; x_wconf 86' lang='lat' dir='ltr'>Graiugenum,</span> <span class='ocrx_word' id='word_1_139' title='bbox 475 1852 522 1911; x_wconf 90' lang='lat' dir='ltr'>cui</span> <span class='ocrx_word' id='word_1_140' title='bbox 546 1872 595 1912; x_wconf 92' lang='lat' dir='ltr'>me</span> <span class='ocrx_word' id='word_1_141' title='bbox 617 1855 749 1911; x_wconf 90' lang='lat' dir='ltr'>Fortuna</span> <span class='ocrx_word' id='word_1_142' title='bbox 772 1850 884 1928; x_wconf 89' lang='lat' dir='ltr'>precari</span> 
     </span>
     <span class='ocr_line' id='line_1_23' title="bbox 61 1931 854 2009; baseline 0.001 -18.029"><span class='ocrx_word' id='word_1_143' title='bbox 61 1935 132 1991; x_wconf 93' lang='lat' dir='ltr'>‘Et</span> <span class='ocrx_word' id='word_1_144' title='bbox 155 1932 227 1992; x_wconf 88' lang='lat' dir='ltr'>vitta</span> <span class='ocrx_word' id='word_1_145' title='bbox 246 1943 383 2009; x_wconf 89' lang='lat' dir='ltr'>comptos</span> <span class='ocrx_word' id='word_1_146' title='bbox 407 1931 501 1991; x_wconf 92' lang='lat' dir='ltr'>voluit</span> <span class='ocrx_word' id='word_1_147' title='bbox 525 1934 716 2006; x_wconf 87' lang='lat' dir='ltr'>praetendere</span> <span class='ocrx_word' id='word_1_148' title='bbox 732 1951 854 2003; x_wconf 88' lang='lat' dir='ltr'>ram0s;</span> 
     </span>
     <span class='ocr_line' id='line_1_24' title="bbox 60 2011 1057 2102; baseline -0.001 -30.977"><span class='ocrx_word' id='word_1_149' title='bbox 60 2015 162 2072; x_wconf 92' lang='lat' dir='ltr'>‘Non</span> <span class='ocrx_word' id='word_1_150' title='bbox 186 2011 324 2086; x_wconf 89' lang='lat' dir='ltr'>equidem</span> <span class='ocrx_word' id='word_1_151' title='bbox 347 2011 478 2082; x_wconf 90' lang='lat' dir='ltr'>extimui,</span> <span class='ocrx_word' id='word_1_152' title='bbox 509 2014 647 2070; x_wconf 90' lang='lat' dir='ltr'>Danaum</span> <span class='ocrx_word' id='word_1_153' title='bbox 672 2013 754 2102; x_wconf 83' lang='lat' dir='ltr'>quod</span> <span class='ocrx_word' id='word_1_154' title='bbox 779 2012 884 2070; x_wconf 90' lang='lat' dir='ltr'>ductor</span> <span class='ocrx_word' id='word_1_155' title='bbox 903 2021 933 2070; x_wconf 91' lang='lat' dir='ltr'>et</span> <span class='ocrx_word' id='word_1_156' title='bbox 956 2012 1057 2083; x_wconf 90' lang='lat' dir='ltr'>Arcas,</span> 
     </span>
     <span class='ocr_line' id='line_1_25' title="bbox 60 2086 1070 2168; baseline 0 -18"><span class='ocrx_word' id='word_1_157' title='bbox 60 2093 241 2168; x_wconf 88' lang='lat' dir='ltr'>‘Quodque</span> <span class='ocrx_word' id='word_1_158' title='bbox 260 2092 297 2151; x_wconf 92' lang='lat' dir='ltr'>ab</span> <span class='ocrx_word' id='word_1_159' title='bbox 322 2086 410 2167; x_wconf 87' lang='lat' dir='ltr'>stirpe</span> <span class='ocrx_word' id='word_1_160' title='bbox 433 2093 510 2151; x_wconf 77' lang='lat' dir='ltr'>fores</span> <span class='ocrx_word' id='word_1_161' title='bbox 533 2091 658 2167; x_wconf 81' lang='lat' dir='ltr'>geminis</span> <span class='ocrx_word' id='word_1_162' title='bbox 677 2091 852 2150; x_wconf 89' lang='lat' dir='ltr'>coniunctus</span> <span class='ocrx_word' id='word_1_163' title='bbox 871 2089 1001 2163; x_wconf 90' lang='lat' dir='ltr'>Atridis;</span> <span class='ocrx_word' id='word_1_164' title='bbox 1015 2111 1070 2165; x_wconf 86' lang='lat'>130</span> 
     </span>
     <span class='ocr_line' id='line_1_26' title="bbox 63 2169 868 2242; baseline -0.006 -10"><span class='ocrx_word' id='word_1_165' title='bbox 63 2173 150 2232; x_wconf 90' lang='lat' dir='ltr'>‘Sed</span> <span class='ocrx_word' id='word_1_166' title='bbox 173 2191 240 2231; x_wconf 92' lang='lat' dir='ltr'>mea</span> <span class='ocrx_word' id='word_1_167' title='bbox 258 2191 305 2232; x_wconf 90' lang='lat' dir='ltr'>me</span> <span class='ocrx_word' id='word_1_168' title='bbox 328 2172 419 2231; x_wconf 88' lang='lat' dir='ltr'>virtus</span> <span class='ocrx_word' id='word_1_169' title='bbox 441 2182 471 2231; x_wconf 93' lang='lat' dir='ltr'>et</span> <span class='ocrx_word' id='word_1_170' title='bbox 493 2183 595 2231; x_wconf 91' lang='lat' dir='ltr'>sancta</span> <span class='ocrx_word' id='word_1_171' title='bbox 619 2172 738 2230; x_wconf 91' lang='lat' dir='ltr'>oracula</span> <span class='ocrx_word' id='word_1_172' title='bbox 759 2169 868 2242; x_wconf 92' lang='lat' dir='ltr'>divom,</span> 
     </span>
     <span class='ocr_line' id='line_1_27' title="bbox 62 2251 808 2329; baseline -0.009 -15"><span class='ocrx_word' id='word_1_173' title='bbox 62 2251 277 2328; x_wconf 87' lang='lat' dir='ltr'>‘Cognatique</span> <span class='ocrx_word' id='word_1_174' title='bbox 298 2263 403 2329; x_wconf 89' lang='lat' dir='ltr'>patres,</span> <span class='ocrx_word' id='word_1_175' title='bbox 429 2263 479 2310; x_wconf 90' lang='lat' dir='ltr'>tua</span> <span class='ocrx_word' id='word_1_176' title='bbox 501 2251 582 2311; x_wconf 90' lang='lat' dir='ltr'>terris</span> <span class='ocrx_word' id='word_1_177' title='bbox 605 2251 700 2310; x_wconf 88' lang='lat' dir='ltr'>didita</span> <span class='ocrx_word' id='word_1_178' title='bbox 722 2251 808 2321; x_wconf 85' lang='lat' dir='ltr'>fama,</span> 
     </span>
     <span class='ocr_line' id='line_1_28' title="bbox 65 2331 798 2408; baseline -0.01 -14"><span class='ocrx_word' id='word_1_179' title='bbox 65 2331 278 2394; x_wconf 86' lang='lat' dir='ltr'>‘Coniunxere</span> <span class='ocrx_word' id='word_1_180' title='bbox 301 2331 362 2405; x_wconf 92' lang='lat' dir='ltr'>tibi,</span> <span class='ocrx_word' id='word_1_181' title='bbox 386 2341 416 2390; x_wconf 88' lang='lat' dir='ltr'>et</span> <span class='ocrx_word' id='word_1_182' title='bbox 440 2331 506 2390; x_wconf 87' lang='lat' dir='ltr'>latis</span> <span class='ocrx_word' id='word_1_183' title='bbox 531 2351 616 2408; x_wconf 91' lang='lat' dir='ltr'>egere</span> <span class='ocrx_word' id='word_1_184' title='bbox 641 2332 798 2390; x_wconf 84' lang='lat' dir='ltr'>volentem.</span> 
     </span>
     <span class='ocr_line' id='line_1_29' title="bbox 66 2409 927 2488; baseline -0.003 -17"><span class='ocrx_word' id='word_1_185' title='bbox 66 2412 261 2483; x_wconf 68' lang='lat' dir='ltr'>‘Dardanus</span> <span class='ocrx_word' id='word_1_186' title='bbox 288 2410 397 2471; x_wconf 84' lang='lat' dir='ltr'>Iliacae</span> <span class='ocrx_word' id='word_1_187' title='bbox 421 2411 532 2487; x_wconf 89' lang='lat' dir='ltr'>primus</span> <span class='ocrx_word' id='word_1_188' title='bbox 554 2422 637 2488; x_wconf 92' lang='lat' dir='ltr'>pater</span> <span class='ocrx_word' id='word_1_189' title='bbox 658 2409 738 2469; x_wconf 90' lang='lat' dir='ltr'>urbis</span> <span class='ocrx_word' id='word_1_190' title='bbox 761 2421 791 2470; x_wconf 88' lang='lat' dir='ltr'>et</span> <span class='ocrx_word' id='word_1_191' title='bbox 814 2421 927 2482; x_wconf 87' lang='lat' dir='ltr'>auctor,</span> 
     </span>
     <span class='ocr_line' id='line_1_30' title="bbox 64 2490 1067 2567; baseline -0.003 -16"><span class='ocrx_word' id='word_1_192' title='bbox 64 2497 74 2525; x_wconf 94' lang='lat'>‘</span> <span class='ocrx_word' id='word_1_193' title='bbox 86 2494 218 2563; x_wconf 88' lang='lat' dir='ltr'>Electra,</span> <span class='ocrx_word' id='word_1_194' title='bbox 241 2502 274 2550; x_wconf 92' lang='lat' dir='ltr'>ut</span> <span class='ocrx_word' id='word_1_195' title='bbox 296 2491 366 2550; x_wconf 88' lang='lat' dir='ltr'>Grai</span> <span class='ocrx_word' id='word_1_196' title='bbox 390 2490 554 2567; x_wconf 91' lang='lat' dir='ltr'>perhibent,</span> <span class='ocrx_word' id='word_1_197' title='bbox 578 2490 732 2550; x_wconf 88' lang='lat' dir='ltr'>Atlantide</span> <span class='ocrx_word' id='word_1_198' title='bbox 760 2501 865 2562; x_wconf 91' lang='lat' dir='ltr'>cretus,</span> <span class='ocrx_word' id='word_1_199' title='bbox 1013 2506 1067 2567; x_wconf 84' lang='lat'>135</span> 
     </span>
     <span class='ocr_line' id='line_1_31' title="bbox 66 2570 879 2645; baseline -0.004 -13"><span class='ocrx_word' id='word_1_200' title='bbox 66 2571 255 2632; x_wconf 88' lang='lat' dir='ltr'>‘Advebitur</span> <span class='ocrx_word' id='word_1_201' title='bbox 275 2572 425 2645; x_wconf 89' lang='lat' dir='ltr'>Teucros;</span> <span class='ocrx_word' id='word_1_202' title='bbox 455 2572 600 2630; x_wconf 88' lang='lat' dir='ltr'>Electram</span> <span class='ocrx_word' id='word_1_203' title='bbox 625 2570 769 2629; x_wconf 90' lang='lat' dir='ltr'>maximus</span> <span class='ocrx_word' id='word_1_204' title='bbox 796 2573 879 2629; x_wconf 89' lang='lat' dir='ltr'>Atlas</span> 
     </span>
     <span class='ocr_line' id='line_1_32' title="bbox 68 2650 866 2729; baseline -0.005 -17"><span class='ocrx_word' id='word_1_205' title='bbox 68 2651 202 2723; x_wconf 71' lang='lat' dir='ltr'>‘Edidit</span> <span class='ocrx_word' id='word_1_206' title='bbox 231 2651 377 2711; x_wconf 87' lang='lat' dir='ltr'>aetherios</span> <span class='ocrx_word' id='word_1_207' title='bbox 399 2653 522 2710; x_wconf 89' lang='lat' dir='ltr'>humero</span> <span class='ocrx_word' id='word_1_208' title='bbox 547 2650 598 2729; x_wconf 93' lang='lat' dir='ltr'>qui</span> <span class='ocrx_word' id='word_1_209' title='bbox 626 2650 749 2709; x_wconf 89' lang='lat' dir='ltr'>sustinet</span> <span class='ocrx_word' id='word_1_210' title='bbox 772 2651 866 2709; x_wconf 91' lang='lat' dir='ltr'>orbes</span> 
     </span>
     <span class='ocr_line' id='line_1_33' title="bbox 69 2727 922 2820; baseline -0.005 -30"><span class='ocrx_word' id='word_1_211' title='bbox 69 2731 185 2792; x_wconf 85' lang='lat' dir='ltr'>‘Vobis</span> <span class='ocrx_word' id='word_1_212' title='bbox 205 2732 368 2790; x_wconf 88' lang='lat' dir='ltr'>Mercurius</span> <span class='ocrx_word' id='word_1_213' title='bbox 392 2742 475 2808; x_wconf 90' lang='lat' dir='ltr'>pater</span> <span class='ocrx_word' id='word_1_214' title='bbox 497 2741 549 2802; x_wconf 87' lang='lat' dir='ltr'>est,</span> <span class='ocrx_word' id='word_1_215' title='bbox 574 2749 664 2820; x_wconf 82' lang='lat' dir='ltr'>quern</span> <span class='ocrx_word' id='word_1_216' title='bbox 687 2729 816 2787; x_wconf 89' lang='lat' dir='ltr'>candida</span> <span class='ocrx_word' id='word_1_217' title='bbox 841 2727 922 2787; x_wconf 90' lang='lat' dir='ltr'>Maia</span> 
     </span>
     <span class='ocr_line' id='line_1_34' title="bbox 69 2807 807 2888; baseline -0.008 -16"><span class='ocrx_word' id='word_1_218' title='bbox 69 2813 235 2888; x_wconf 88' lang='lat' dir='ltr'>‘Cyllenae</span> <span class='ocrx_word' id='word_1_219' title='bbox 258 2810 358 2888; x_wconf 88' lang='lat' dir='ltr'>gelido</span> <span class='ocrx_word' id='word_1_220' title='bbox 380 2821 557 2887; x_wconf 90' lang='lat' dir='ltr'>conceptum</span> <span class='ocrx_word' id='word_1_221' title='bbox 580 2809 688 2869; x_wconf 86' lang='lat' dir='ltr'>vertice</span> <span class='ocrx_word' id='word_1_222' title='bbox 712 2807 807 2879; x_wconf 82' lang='lat' dir='ltr'>sudit3</span> 
     </span>
     <span class='ocr_line' id='line_1_35' title="bbox 69 2887 1068 2965; baseline -0.005 -15"><span class='ocrx_word' id='word_1_223' title='bbox 69 2894 132 2950; x_wconf 85' lang='lat' dir='ltr'>‘At</span> <span class='ocrx_word' id='word_1_224' title='bbox 154 2891 274 2962; x_wconf 88' lang='lat' dir='ltr'>Maiam,</span> <span class='ocrx_word' id='word_1_225' title='bbox 300 2889 408 2950; x_wconf 89' lang='lat' dir='ltr'>auditis</span> <span class='ocrx_word' id='word_1_226' title='bbox 432 2889 457 2950; x_wconf 92' lang='lat' dir='ltr'>si</span> <span class='ocrx_word' id='word_1_227' title='bbox 483 2889 643 2965; x_wconf 89' lang='lat' dir='ltr'>quicquam</span> <span class='ocrx_word' id='word_1_228' title='bbox 666 2887 822 2957; x_wconf 80' lang='lat' dir='ltr'>credimus,</span> <span class='ocrx_word' id='word_1_229' title='bbox 846 2887 938 2956; x_wconf 86' lang='lat' dir='ltr'>Atlas,</span> <span class='ocrx_word' id='word_1_230' title='bbox 1012 2907 1068 2958; x_wconf 86' lang='lat'>140</span> 
     </span>
     <span class='ocr_line' id='line_1_36' title="bbox 70 2965 825 3047; baseline -0.007 -15.87"><span class='ocrx_word' id='word_1_231' title='bbox 70 2973 176 3032; x_wconf 87' lang='lat' dir='ltr'>‘Idem</span> <span class='ocrx_word' id='word_1_232' title='bbox 197 2972 281 3030; x_wconf 87' lang='lat' dir='ltr'>Atlas</span> <span class='ocrx_word' id='word_1_233' title='bbox 299 2981 427 3047; x_wconf 88' lang='lat' dir='ltr'>generat,</span> <span class='ocrx_word' id='word_1_234' title='bbox 453 2970 528 3028; x_wconf 90' lang='lat' dir='ltr'>caeli</span> <span class='ocrx_word' id='word_1_235' title='bbox 549 2968 601 3044; x_wconf 91' lang='lat' dir='ltr'>qui</span> <span class='ocrx_word' id='word_1_236' title='bbox 621 2967 717 3027; x_wconf 90' lang='lat' dir='ltr'>sidera</span> <span class='ocrx_word' id='word_1_237' title='bbox 741 2965 825 3026; x_wconf 91' lang='lat' dir='ltr'>tollit</span> 
     </span>
     <span class='ocr_line' id='line_1_37' title="bbox 71 3045 924 3137; baseline -0.008 -26"><span class='ocrx_word' id='word_1_238' title='bbox 71 3051 136 3111; x_wconf 87' lang='lat' dir='ltr'>‘Sic</span> <span class='ocrx_word' id='word_1_239' title='bbox 157 3070 250 3128; x_wconf 86' lang='lat' dir='ltr'>genus</span> <span class='ocrx_word' id='word_1_240' title='bbox 273 3052 429 3109; x_wconf 86' lang='lat' dir='ltr'>amborum</span> <span class='ocrx_word' id='word_1_241' title='bbox 452 3048 560 3109; x_wconf 89' lang='lat' dir='ltr'>scindit</span> <span class='ocrx_word' id='word_1_242' title='bbox 582 3067 614 3108; x_wconf 91' lang='lat' dir='ltr'>se</span> <span class='ocrx_word' id='word_1_243' title='bbox 635 3046 777 3137; x_wconf 81' lang='lat' dir='ltr'>sanguine</span> <span class='ocrx_word' id='word_1_244' title='bbox 796 3045 833 3105; x_wconf 88' lang='lat' dir='ltr'>ab</span> <span class='ocrx_word' id='word_1_245' title='bbox 855 3064 924 3104; x_wconf 92' lang='lat' dir='ltr'>uno.</span> 
     </span>
     <span class='ocr_line' id='line_1_38' title="bbox 71 3126 907 3206; baseline -0.008 -15"><span class='ocrx_word' id='word_1_246' title='bbox 71 3131 147 3191; x_wconf 88' lang='lat' dir='ltr'>‘His</span> <span class='ocrx_word' id='word_1_247' title='bbox 174 3132 230 3190; x_wconf 89' lang='lat' dir='ltr'>sret</span> <span class='ocrx_word' id='word_1_248' title='bbox 218 3141 265 3190; x_wconf 91' lang='lat' dir='ltr'>tus</span> <span class='ocrx_word' id='word_1_249' title='bbox 283 3149 345 3190; x_wconf 92' lang='lat' dir='ltr'>non</span> <span class='ocrx_word' id='word_1_250' title='bbox 369 3131 481 3206; x_wconf 88' lang='lat' dir='ltr'>legatos</span> <span class='ocrx_word' id='word_1_251' title='bbox 503 3147 599 3205; x_wconf 91' lang='lat' dir='ltr'>neque</span> <span class='ocrx_word' id='word_1_252' title='bbox 623 3126 717 3203; x_wconf 91' lang='lat' dir='ltr'>prima</span> <span class='ocrx_word' id='word_1_253' title='bbox 741 3145 794 3203; x_wconf 91' lang='lat' dir='ltr'>per</span> <span class='ocrx_word' id='word_1_254' title='bbox 815 3137 907 3184; x_wconf 87' lang='lat' dir='ltr'>artem</span> 
     </span>
     <span class='ocr_line' id='line_1_39' title="bbox 72 3205 953 3286; baseline -0.003 -16"><span class='ocrx_word' id='word_1_255' title='bbox 72 3214 318 3286; x_wconf 86' lang='lat' dir='ltr'>‘Temptamenta</span> <span class='ocrx_word' id='word_1_256' title='bbox 338 3209 383 3269; x_wconf 93' lang='lat' dir='ltr'>tui</span> <span class='ocrx_word' id='word_1_257' title='bbox 406 3207 523 3285; x_wconf 85' lang='lat' dir='ltr'>pepigi:</span> <span class='ocrx_word' id='word_1_258' title='bbox 554 3226 611 3278; x_wconf 92' lang='lat' dir='ltr'>me,</span> <span class='ocrx_word' id='word_1_259' title='bbox 637 3226 686 3266; x_wconf 92' lang='lat' dir='ltr'>me</span> <span class='ocrx_word' id='word_1_260' title='bbox 709 3205 772 3282; x_wconf 90' lang='lat' dir='ltr'>ipse</span> <span class='ocrx_word' id='word_1_261' title='bbox 793 3224 953 3282; x_wconf 90' lang='lat' dir='ltr'>meumque</span> 
     </span>
     <span class='ocr_line' id='line_1_40' title="bbox 73 3252 1065 3367; baseline -0.01 -14"><span class='ocrx_word' id='word_1_262' title='bbox 73 3290 194 3353; x_wconf 87' lang='lat' dir='ltr'>‘Obieci</span> <span class='ocrx_word' id='word_1_263' title='bbox 218 3301 307 3367; x_wconf 87' lang='lat' dir='ltr'>caput</span> <span class='ocrx_word' id='word_1_264' title='bbox 330 3299 359 3350; x_wconf 92' lang='lat' dir='ltr'>et</span> <span class='ocrx_word' id='word_1_265' title='bbox 381 3291 504 3364; x_wconf 85' lang='lat' dir='ltr'>supplex</span> <span class='ocrx_word' id='word_1_266' title='bbox 527 3287 565 3346; x_wconf 90' lang='lat' dir='ltr'>ad</span> <span class='ocrx_word' id='word_1_267' title='bbox 587 3252 690 3345; x_wconf 86' lang='lat' dir='ltr'>limina</span> <span class='ocrx_word' id='word_1_268' title='bbox 709 3286 785 3345; x_wconf 87' lang='lat' dir='ltr'>veni</span> <span class='ocrx_word' id='word_1_269' title='bbox 1012 3303 1065 3360; x_wconf 86' lang='lat'>145</span> 
     </span>
     <span class='ocr_line' id='line_1_41' title="bbox 74 3365 857 3444; baseline -0.006 -15"><span class='ocrx_word' id='word_1_270' title='bbox 74 3375 169 3429; x_wconf 83' lang='lat' dir='ltr'>‘Gens</span> <span class='ocrx_word' id='word_1_271' title='bbox 193 3372 307 3440; x_wconf 89' lang='lat' dir='ltr'>eadem,</span> <span class='ocrx_word' id='word_1_272' title='bbox 334 3387 410 3444; x_wconf 87' lang='lat' dir='ltr'>quae</span> <span class='ocrx_word' id='word_1_273' title='bbox 433 3378 470 3438; x_wconf 92' lang='lat' dir='ltr'>te,</span> <span class='ocrx_word' id='word_1_274' title='bbox 499 3369 612 3427; x_wconf 92' lang='lat' dir='ltr'>crudeli</span> <span class='ocrx_word' id='word_1_275' title='bbox 636 3366 755 3425; x_wconf 87' lang='lat' dir='ltr'>Daunia</span> <span class='ocrx_word' id='word_1_276' title='bbox 778 3365 857 3425; x_wconf 94' lang='lat' dir='ltr'>bello</span> 
     </span>
    </p>
   </div>
   <div class='ocr_carea' id='block_1_3' title="bbox 885 3493 981 3530">
    <p class='ocr_par' dir='ltr' id='par_1_3' title="bbox 885 3493 981 3530">
     <span class='ocr_line' id='line_1_42' title="bbox 885 3493 981 3530; baseline 0 0"><span class='ocrx_word' id='word_1_277' title='bbox 885 3493 981 3530; x_wconf 85' lang='lat'>20-2</span> 
     </span>
    </p>
   </div>
   <div class='ocr_carea' id='block_1_4' title="bbox 0 0 1270 3678">
    <p class='ocr_par' dir='ltr' id='par_1_4' title="bbox 0 0 1270 3678">
     <span class='ocr_line' id='line_1_43' title="bbox 0 0 1270 3678; baseline 0 0"><span class='ocrx_word' id='word_1_278' title='bbox 0 0 1270 3678; x_wconf 95' lang='lat' dir='ltr'> </span> 
     </span>
    </p>
   </div>
  </div>
 </body>
</html>
