2462 3678
388 28 628 89 AENEJDOS
652 29 738 87 ΜΒ.
772 30 819 87 Vt
1046 29 1098 85 261

68 154 169 212 I-Iic
192 155 277 214 labor
297 152 347 213 ille
369 155 486 226 domus,
511 164 541 213 et
562 151 771 212 inextricabilis
793 172 890 229 error3

69 237 252 311 Magnum
275 234 393 311 reginae
417 233 568 292 sedenim
591 233 746 292 miseratus
768 253 901 294 amorem

71 316 258 374 Daedalus
281 314 345 390 ipse
367 315 453 373 dolos
476 314 545 373 tecti
568 315 768 390 ambagesque
790 315 918 388 resolvit,

77 397 206 456 Caeca
226 414 331 470 regens
354 396 405 454 filo
428 392 558 471 vestigia.
600 397 649 453 Tu
671 413 793 470 quoque
816 414 955 472 magnam
1064 416 1102 474 30

79 478 224 546 Partem
248 494 337 551 opere
355 475 387 532 in
409 485 501 546 tanto,
526 473 635 534 sineret
659 475 753 547 dolor,
779 477 872 547 Icare‚
899 477 1033 538 haberes.

86 555 155 614 Bis
179 565 304 614 conatus
324 565 386 614 erat
407 574 493 614 casus
517 555 655 630 effingere
679 553 711 612 in
735 575 815 628 aur0,

90 635 154 694 Bis
178 635 290 712 patriae
312 634 445 695 cecidere
468 655 580 695 manus.
624 635 705 710 Quin
728 636 865 711 protinus
887 637 988 696 omnia

95 718 296 792 Perlegerent
319 715 421 788 oculis,
447 715 477 774 ni
502 715 560 774 iam
584 715 762 792 praemissus
784 718 914 776 Achates

93 797 239 869 Adforet,
262 806 350 872 atque
372 815 432 854 una
454 795 569 856 Phoebi
593 795 768 873 Triviaeque
791 798 938 871 sacerdos,
1062 817 1098 876 35

95 875 268 952 Deiphobe
293 875 408 948 Glauci,
431 878 508 936 fatur
529 895 606 953 quae
629 877 699 936 talia
720 877 794 952 regi:

98 959 197 1016 ‘Nou
218 958 278 1016 hoc
297 957 355 1016 ista
374 955 430 1017 sibi
451 967 567 1034 tempus
589 959 758 1033 spectacula
778 957 892 1034 poscit;

99 1039 214 1097 ‘Nunc
234 1056 322 1114 grege
343 1038 382 1096 de
401 1036 513 1097 intacto
535 1047 648 1114 septem
669 1048 798 1097 mactare
819 1037 960 1098 iuvencos

99 1118 312 1189 ‘Praestiterit
338 1117 462 1178 totidem
482 1118 575 1177 lectas
596 1119 634 1176 de
654 1137 736 1178 more
756 1118 910 1178 bidentes)

97 1198 229 1258 Talibus
249 1199 348 1257 adfata
368 1201 491 1257 Aenean
512 1199 581 1275 (nec
601 1217 683 1257 sacra
703 1209 855 1257 morantur
1062 1219 1100 1272 40

100 1281 192 1338 Iussa
212 1277 278 1352 viri)
299 1282 431 1339 Teucros
451 1289 539 1338 vocat
559 1280 619 1337 alta
639 1278 670 1337 in
691 1279 801 1355 templa
822 1280 967 1340 sacerdos.

168 1361 311 1421 Excisum
327 1358 478 1419 Euboicae
499 1360 575 1418 latus
596 1359 699 1436 ingens
720 1359 800 1436 rupis
821 1359 852 1418 in
873 1371 998 1434 antrum,

100 1440 177 1514 Quo
199 1439 251 1499 lati
270 1441 382 1499 ducunt
402 1439 499 1499 aditus
520 1450 648 1511 centum,
671 1438 746 1498 ostia
766 1451 885 1499 centum
896 1461 905 1514 ;

100 1521 199 1581 Unde
218 1531 308 1579 ruunt
327 1520 451 1580 totidem
471 1539 568 1591 voces,
591 1538 732 1596 responsa
753 1521 886 1597 Sibyllae.

99 1603 238 1660 Ventum
259 1611 320 1660 erat
342 1602 380 1660 ad
401 1601 499 1673 limen,
521 1619 589 1659 cum
609 1600 700 1676 virgo,
724 1603 867 1661 ‘Poscere
886 1603 946 1660 fata
1060 1620 1096 1678 45

102 1683 275 1757 ‘Tempus,'
295 1679 356 1754 ait3
382 1681 481 1753 ‘deus,
503 1699 581 1754 ecce,
605 1681 678 1740 deus
690 1683 708 1740 l'
730 1679 778 1739 cui
799 1681 869 1740 talia
889 1681 962 1742 fanti

101 1764 186 1820 Ante
206 1762 283 1820 fores
304 1760 401 1820 subito
422 1780 484 1820 non
503 1763 608 1831 voltus,
630 1780 692 1820 non
713 1762 795 1820 color
814 1781 899 1835 unus,

103 1843 178 1900 Non
199 1853 337 1918 comptae
357 1859 491 1900 mansere
512 1860 634 1908 comae;
663 1841 715 1900 sed
736 1852 840 1917 pectus
861 1843 1009 1914 anhelum,

103 1923 145 1980 Et
165 1920 247 1980 rabie
268 1925 328 1982 fera
348 1921 439 1982 corda
458 1932 591 1994 tument;
616 1921 768 1997 maiorque
789 1921 881 1980 videri

103 2003 173 2061 Nec
193 2004 315 2062 mortale
336 2021 452 2075 sonans,
474 2002 583 2061 adflata
603 2012 647 2061 est
667 2001 788 2061 numine
809 2002 930 2076 qnando
1062 2020 1098 2078 50

103 2085 172 2141 Iam
193 2082 329 2159 propiore
350 2081 406 2142 dei.
452 2084 574 2143 ‘Cessas
595 2081 623 2140 in
645 2092 716 2141 vota
735 2100 903 2157 precesque,

105 2165 220 2235 ‘Tros,'
240 2163 288 2236 ait,
306 2165 435 2237 ‘Aenea
457 2166 579 2222 cessas?
607 2181 704 2238 neque
726 2161 804 2220 enim
827 2173 896 2221 ante
917 2160 1072 2222 dehiscent

105 2241 279 2302 ‘Attonitae
299 2263 407 2320 magna
427 2262 478 2303 ora
499 2243 623 2302 domus.³
666 2244 706 2301 Et
725 2241 795 2301 talia
815 2243 875 2301 fata

106 2323 265 2384 Conticuit.
309 2323 432 2384 Gelidus
453 2322 576 2382 Teucris
596 2342 650 2398 per
669 2323 743 2381 dura
763 2322 890 2383 cucurrit

107 2405 183 2464 Ossa
203 2414 319 2477 tremor,
341 2404 497 2479 funditque
517 2423 621 2480 preces
641 2422 692 2462 rex
711 2415 832 2478 pectore
852 2405 891 2462 ab
911 2403 985 2464 imo:
1060 2420 1095 2480 55

108 2485 253 2558 ‘Phoebe
274 2503 377 2561 graves
397 2483 505 2544 Troiae
527 2503 642 2560 semper
662 2483 796 2543 miserate
817 2486 943 2558 labores,

109 2565 266 2624 ‘Dardana
286 2563 337 2641 qui
358 2564 471 2625 Paridis
491 2564 596 2624 direxti
616 2565 676 2624 tela
695 2583 858 2640 manusque

109 2645 239 2721 ‘Corpus
259 2645 289 2702 in
311 2644 468 2719 Aeacidae,
491 2663 614 2721 magnas
634 2644 776 2705 obeuntia
796 2655 885 2704 terras

111 2726 185 2784 ‘Tot
205 2724 296 2784 maria
316 2725 421 2785 intravi
442 2727 519 2786 duce
539 2736 569 2785 te
589 2725 765 2800 penitusque
786 2734 918 2801 repostas

111 2807 288 2883 ‘Massylum
308 2817 419 2882 gentes
441 2815 651 2881 praetentaque
673 2804 804 2880 Syrtibus
825 2823 911 2876 arva3
1059 2807 1097 2864 60

110 2888 189 2945 ‘Iam
211 2886 333 2946 tandem
354 2885 459 2946 Italiae
479 2885 624 2963 fugientes
644 2883 815 2960 prendimus
837 2903 909 2944 oras.

112 2969 193 3025 ‘Hac
213 2965 344 3026 Troiana
365 2977 451 3027 tenus
471 2965 557 3026 suerit
578 2967 695 3024 fortuna
715 2975 824 3024 secuta

112 3049 186 3106 ‘Vos
208 3066 328 3123 quoque
350 3049 527 3124 Pergameae
548 3045 606 3106 iam
628 3048 671 3104 fas
692 3054 737 3104 est
757 3063 877 3120 parcere
897 3045 987 3120 genti,

112 3127 223 3204 ‘Dique
242 3128 377 3202 deaeque
398 3147 511 3200 omnes,
533 3126 639 3202 quibus
661 3125 774 3185 obstitit
796 3125 884 3184 Ilium
906 3137 935 3185 et
955 3125 1058 3203 ingens

113 3206 225 3266 ‘Gloria
246 3207 423 3268 Dardaniae.
465 3210 579 3284 Tuque,
602 3227 621 3266 o
642 3205 827 3266 sanctissima
846 3216 937 3278 vates,
1058 3210 1094 3282 65

475 3303 513 3354 61.
548 3305 584 3353 Or
592 3303 721 3368 fugientis.
