2468 3692
110 75 169 150 364
360 74 396 134 P.
431 71 623 131 VERGILI
643 67 855 128 MARONIS

112 202 257 262 Haeserat
277 203 426 274 Euandro,
447 212 536 277 atque
558 201 634 260 Itala
653 198 826 257 consederat
845 196 925 256 urbe.

111 280 251 340 Sternitur
270 280 369 339 infelix
388 281 485 340 alieno
506 281 634 350 volnere,
655 279 826 350 caelumque

111 358 254 434 Adspicit,
276 369 305 417 et
325 359 426 418 dulces
446 358 573 417 moriens
593 355 785 416 reminiscitur
805 357 906 430 Argos.

111 440 189 496 Tum
209 437 274 513 pius
296 440 411 496 Aeneas
432 439 545 495 hastam
567 435 653 496 iacit:
680 435 730 492 illa
748 452 801 509 per
821 436 923 493 orbem

111 519 187 574 Aere
207 534 311 574 cavum
332 515 445 590 triplici,
467 535 519 590 per
539 515 616 574 linea
635 525 724 588 terga,
746 513 895 586 tribusque

111 594 239 654 Transiit
258 595 400 653 intextum
421 595 509 652 tauris
530 612 612 669 opus,
634 593 750 668 imaque
771 591 847 650 sedit

112 672 235 748 Inguine
245 693 254 745 ;
281 675 334 732 sed
353 672 427 732 vires
447 674 527 731 haud
547 672 671 748 pertulit
715 669 804 730 Ocius
825 688 925 730 ensem

112 756 236 824 Aeneas,
257 751 320 812 viso
340 751 481 827 Tyrrheni
502 752 641 826 sanguine
661 753 762 822 laetus,

112 829 205 906 Eripit
224 850 242 889 a
262 829 376 901 semine,
399 841 429 888 et
449 829 605 905 trepidanti
625 831 750 888 fervidus
770 828 867 886 instat.

112 909 258 986 Ingemuit
277 909 335 967 cari
355 909 477 984 graviter
496 909 632 984 genitoris
653 928 760 979 amore,

112 990 155 1048 Ut
176 989 256 1060 vidit,
279 991 407 1060 Lausus;
434 987 628 1062 lacrimaeque
647 1007 701 1062 per
720 1007 770 1046 ora
790 987 913 1044 volutae.

112 1068 174 1127 Hic
193 1067 293 1127 mortis
313 1069 401 1127 durae
421 1085 529 1136 casum,
550 1076 658 1141 tuaque
679 1066 788 1142 optima
809 1065 893 1136 lacta,

110 1149 141 1206 Si
161 1166 219 1223 qua
238 1148 326 1206 fidem
347 1157 428 1206 tanto
449 1156 493 1204 est
513 1146 593 1220 operi
615 1148 706 1204 latura
725 1154 861 1214 vetustas,

111 1228 181 1286 Non
201 1225 344 1301 equidem,
367 1235 480 1296 necte,
500 1224 612 1282 iuvenis
632 1225 828 1293 memorande,
851 1221 951 1281 silebo.

111 1305 166 1364 Ille
186 1307 292 1379 pedem
313 1307 438 1364 reserens
459 1314 488 1362 et
508 1303 616 1361 inutilis
637 1302 726 1378 inque
747 1303 850 1377 ligatus

111 1385 252 1456 Cedebat,
275 1384 428 1460 clipeoque
448 1381 597 1440 inimicum
617 1381 721 1440 hastile
741 1382 882 1439 trahebat.

111 1463 246 1538 Prorupit
265 1462 382 1533 iuvenis,
406 1480 528 1536 seseque
548 1460 693 1519 inmiscuit
713 1461 799 1518 armis
809 1479 817 1530 ;
975 1524 977 1528 y

111 1544 234 1620 Iamque
255 1540 434 1618 adsurgentis
455 1542 556 1599 dextra
575 1541 748 1615 plagamque
768 1538 885 1598 ferentis

110 1624 230 1680 Aeneae
250 1621 337 1681 subiit
357 1639 534 1690 mucronem,
556 1618 710 1694 ipsumque
730 1617 873 1676 morando

110 1700 268 1772 Sustinuit;
296 1700 366 1759 socii
387 1718 494 1774 magno
515 1699 641 1756 clamore
662 1707 828 1772 sequuntur,

112 1781 191 1837 Dum
211 1779 324 1854 genitor
344 1778 404 1837 nati
423 1797 525 1853 parma
544 1787 691 1851 protectus
711 1776 805 1834 abiret
812 1796 822 1848 ;

110 1859 241 1932 Telaque
262 1858 428 1928 coniiciunt,
449 1858 678 1932 proturbantque
698 1856 810 1914 eminus
830 1857 946 1914 hostem

110 1936 278 1996 Missilibus.
321 1937 401 1997 Furit
421 1939 546 2007 Aeneas,
566 1945 718 2012 tectusque
739 1945 819 1994 tenet
840 1954 879 1994 se.

109 2018 156 2073 Ac
175 2017 262 2088 velut,
284 2018 375 2075 effusa
395 2015 419 2074 si
440 2017 559 2090 quando
578 2016 718 2089 grandine
737 2013 831 2074 nimbi

110 2095 313 2170 Praecipitant,
336 2095 430 2154 omnis
450 2093 560 2170 campis
582 2093 695 2170 diffugit
715 2103 818 2166 arator,

111 2173 216 2233 Omnis
237 2185 266 2232 et
286 2173 420 2250 agricola,
441 2184 470 2232 et
491 2184 553 2232 tuta
572 2175 644 2233 latet
663 2193 729 2233 arce
750 2173 850 2245 viator,

108 2255 170 2310 Aut
190 2253 283 2311 amnis
303 2253 380 2329 ripis,
402 2263 451 2311 aut
471 2252 521 2312 alti
542 2252 651 2312 somice
673 2253 741 2325 saxi,

109 2333 191 2389 Dum
211 2332 284 2407 pluit
304 2333 334 2390 in
354 2331 445 2404 terris,
466 2343 498 2390 ut
518 2332 630 2407 possint
650 2335 713 2392 sole
732 2333 853 2391 reducto

109 2411 253 2470 Exercere
275 2411 371 2471 diem:
398 2411 440 2469 sic
462 2413 580 2470 obrutus
604 2411 733 2487 undique
755 2410 819 2470 telis

108 2491 225 2549 Aeneas
247 2493 356 2550 nubem
378 2489 455 2562 belli,
479 2491 549 2549 dum
574 2492 695 2550 detonet
718 2491 821 2564 omnis,

109 2568 245 2642 Sustinet,
267 2582 296 2629 et
320 2573 448 2629 Lausum
469 2569 630 2645 increpitat,
654 2574 809 2645 Lausoque
831 2567 962 2626 minatur.

110 2650 197 2723 ‘Quo
220 2650 358 2708 moriture
381 2650 447 2722 ruis,
473 2649 641 2725 maioraque
662 2648 770 2709 viribus
792 2649 903 2708 audes?

109 2729 215 2788 ‘Fallit
238 2740 268 2788 te
291 2729 439 2788 incautum
462 2729 555 2804 pietas
579 2731 645 2787 tua!
686 2730 752 2788 Nec
773 2727 869 2787 minus
889 2726 937 2785 ille

109 2809 241 2867 Exsultat
262 2810 392 2868 demens.
435 2809 543 2867 Saevae
567 2807 683 2883 iamque
704 2807 789 2866 altius
813 2806 871 2865 irae

83 2960 86 2964 Ι
109 2888 260 2946 Dardanio
284 2898 403 2963 surgunt
427 2886 548 2957 ductori,
572 2899 758 2963 extremaque
781 2889 878 2945 Lauso

108 2968 216 3022 Parcae
238 2968 287 3023 fila
307 2969 425 3040 legunt:
451 2967 579 3024 validum
601 2985 728 3040 namque
750 2965 838 3042 exigit
859 2981 962 3022 ensem

108 3043 164 3098 Per
186 3043 314 3099 medium
336 3047 451 3101 Aeneas
476 3044 618 3116 iuvenem,
640 3056 792 3120 totumque
813 3043 946 3103 recondit
953 3065 963 3118 3

107 3116 234 3172 Transiit
256 3129 285 3174 et
307 3137 437 3192 parmam
459 3140 567 3193 mucro,
592 3123 668 3180 levia
690 3143 770 3181 arma
790 3123 922 3202 minacis,

108 3193 147 3249 Et
168 3191 303 3263 tunicam,
328 3196 409 3252 molli
430 3209 522 3256 mater
543 3219 631 3274 quam
655 3212 774 3260 neverat
795 3221 874 3276 auro,

48 3335 54 3345 ι
110 3267 304 3343 Implevitque
326 3270 421 3328 sinum
445 3277 578 3352 sanguis3
605 3289 667 3338 tum
691 3281 750 3340 vita
771 3300 824 3360 per
844 3298 928 3342 auras
