<?xml version="1.0" encoding="UTF-8"?>
<!DOCTYPE html PUBLIC "-//W3C//DTD XHTML 1.0 Transitional//EN"
    "http://www.w3.org/TR/xhtml1/DTD/xhtml1-transitional.dtd">
<html xmlns="http://www.w3.org/1999/xhtml" xml:lang="en" lang="en">
 <head>
  <title>
</title>
<meta http-equiv="Content-Type" content="text/html;charset=utf-8" />
  <meta name='ocr-system' content='tesseract 3.04.00' />
  <meta name='ocr-capabilities' content='ocr_page ocr_carea ocr_par ocr_line ocrx_word'/>
</head>
<body>
  <div class='ocr_page' id='page_1' title='image "./pvergilimaronis13virggoog/pvergilimaronis13virggoog_0284.png"; bbox 0 0 2462 3678; ppageno 0'>
   <div class='ocr_carea' id='block_1_1' title="bbox 340 118 1052 199">
    <p class='ocr_par' dir='ltr' id='par_1_1' title="bbox 340 118 1052 199">
     <span class='ocr_line' id='line_1_1' title="bbox 340 118 1052 199; baseline 0.006 -23"><span class='ocrx_word' id='word_1_1' title='bbox 340 118 581 178; x_wconf 65' lang='lat' dir='ltr'><strong>Aruernos</strong></span> <span class='ocrx_word' id='word_1_2' title='bbox 605 120 691 178; x_wconf 72' lang='grc' dir='ltr'><strong>ΜΒ.</strong></span> <span class='ocrx_word' id='word_1_3' title='bbox 725 121 773 178; x_wconf 77' lang='lat' dir='ltr'><strong>VJ.</strong></span> <span class='ocrx_word' id='word_1_4' title='bbox 997 137 1052 199; x_wconf 80' lang='lat'><strong>275</strong></span> 
     </span>
    </p>
   </div>
   <div class='ocr_carea' id='block_1_2' title="bbox 14 234 1063 3440">
    <p class='ocr_par' dir='ltr' id='par_1_2' title="bbox 14 234 1063 3440">
     <span class='ocr_line' id='line_1_2' title="bbox 14 234 903 316; baseline 0.002 -20"><span class='ocrx_word' id='word_1_5' title='bbox 14 240 157 296; x_wconf 65' lang='lat' dir='ltr'><strong>*Dum</strong></span> <span class='ocrx_word' id='word_1_6' title='bbox 180 236 317 295; x_wconf 88' lang='lat' dir='ltr'><strong>flammas</strong></span> <span class='ocrx_word' id='word_1_7' title='bbox 340 234 420 295; x_wconf 93' lang='lat' dir='ltr'><strong>Iovis</strong></span> <span class='ocrx_word' id='word_1_8' title='bbox 442 246 471 295; x_wconf 84' lang='lat' dir='ltr'><strong>et</strong></span> <span class='ocrx_word' id='word_1_9' title='bbox 492 235 607 296; x_wconf 91' lang='lat' dir='ltr'><strong>sonitus</strong></span> <span class='ocrx_word' id='word_1_10' title='bbox 627 236 756 297; x_wconf 86' lang='lat' dir='ltr'>imitatur</span> <span class='ocrx_word' id='word_1_11' title='bbox 776 237 903 316; x_wconf 85' lang='lat' dir='ltr'><strong>Olympi</strong></span> 
     </span>
     <span class='ocr_line' id='line_1_3' title="bbox 14 316 924 395; baseline 0.002 -19"><span class='ocrx_word' id='word_1_12' title='bbox 14 319 225 393; x_wconf 83' lang='lat' dir='ltr'>‘Quattuor</span> <span class='ocrx_word' id='word_1_13' title='bbox 245 316 293 375; x_wconf 91' lang='lat' dir='ltr'><strong>hic</strong></span> <span class='ocrx_word' id='word_1_14' title='bbox 313 316 447 376; x_wconf 88' lang='lat' dir='ltr'><strong>invectus</strong></span> <span class='ocrx_word' id='word_1_15' title='bbox 468 317 552 393; x_wconf 90' lang='lat' dir='ltr'><strong>equis</strong></span> <span class='ocrx_word' id='word_1_16' title='bbox 572 329 602 378; x_wconf 88' lang='lat' dir='ltr'><strong>et</strong></span> <span class='ocrx_word' id='word_1_17' title='bbox 622 319 761 394; x_wconf 86' lang='lat' dir='ltr'><strong>lampada</strong></span> <span class='ocrx_word' id='word_1_18' title='bbox 781 339 924 395; x_wconf 89' lang='lat' dir='ltr'><strong>quassans</strong></span> 
     </span>
     <span class='ocr_line' id='line_1_4' title="bbox 14 395 948 474; baseline -0.001 -17"><span class='ocrx_word' id='word_1_19' title='bbox 14 401 121 457; x_wconf 88' lang='lat' dir='ltr'><strong>‘Per</strong></span> <span class='ocrx_word' id='word_1_20' title='bbox 152 395 279 458; x_wconf 88' lang='lat' dir='ltr'><strong>Graium</strong></span> <span class='ocrx_word' id='word_1_21' title='bbox 301 397 430 474; x_wconf 92' lang='lat' dir='ltr'><strong>populos</strong></span> <span class='ocrx_word' id='word_1_22' title='bbox 452 397 627 474; x_wconf 89' lang='lat' dir='ltr'><strong>mediaeque</strong></span> <span class='ocrx_word' id='word_1_23' title='bbox 651 417 705 474; x_wconf 91' lang='lat' dir='ltr'><strong>per</strong></span> <span class='ocrx_word' id='word_1_24' title='bbox 727 399 821 458; x_wconf 91' lang='lat' dir='ltr'><strong>Elidis</strong></span> <span class='ocrx_word' id='word_1_25' title='bbox 844 401 948 459; x_wconf 91' lang='lat' dir='ltr'><strong>urbem</strong></span> 
     </span>
     <span class='ocr_line' id='line_1_5' title="bbox 14 477 876 554; baseline 0 -16"><span class='ocrx_word' id='word_1_26' title='bbox 14 481 140 538; x_wconf 89' lang='lat' dir='ltr'><strong>‘Ibat</strong></span> <span class='ocrx_word' id='word_1_27' title='bbox 167 496 271 548; x_wconf 89' lang='lat' dir='ltr'><strong>ovans,</strong></span> <span class='ocrx_word' id='word_1_28' title='bbox 297 477 458 554; x_wconf 89' lang='lat' dir='ltr'><strong>divomque</strong></span> <span class='ocrx_word' id='word_1_29' title='bbox 481 477 538 538; x_wconf 89' lang='lat' dir='ltr'>sibi</span> <span class='ocrx_word' id='word_1_30' title='bbox 558 481 702 554; x_wconf 87' lang='lat' dir='ltr'><strong>poscebat</strong></span> <span class='ocrx_word' id='word_1_31' title='bbox 723 481 876 552; x_wconf 89' lang='lat' dir='ltr'>honorem,</span> 
     </span>
     <span class='ocr_line' id='line_1_6' title="bbox 18 557 1055 636; baseline -0.002 -18"><span class='ocrx_word' id='word_1_32' title='bbox 18 561 222 630; x_wconf 71' lang='lat' dir='ltr'><strong>‘Demens</strong></span> <span class='ocrx_word' id='word_1_33' title='bbox 247 557 299 634; x_wconf 92' lang='lat' dir='ltr'><strong>qui</strong></span> <span class='ocrx_word' id='word_1_34' title='bbox 320 557 439 618; x_wconf 84' lang='lat' dir='ltr'>nimbos</span> <span class='ocrx_word' id='word_1_35' title='bbox 463 568 493 617; x_wconf 91' lang='lat' dir='ltr'><strong>et</strong></span> <span class='ocrx_word' id='word_1_36' title='bbox 517 578 578 618; x_wconf 92' lang='lat' dir='ltr'><strong>non</strong></span> <span class='ocrx_word' id='word_1_37' title='bbox 602 557 744 618; x_wconf 88' lang='lat' dir='ltr'><strong>imitabile</strong></span> <span class='ocrx_word' id='word_1_38' title='bbox 766 561 877 620; x_wconf 81' lang='lat' dir='ltr'><strong>fulmen</strong></span> <span class='ocrx_word' id='word_1_39' title='bbox 997 575 1055 636; x_wconf 84' lang='lat'><strong>590</strong></span> 
     </span>
     <span class='ocr_line' id='line_1_7' title="bbox 19 637 881 716; baseline 0.001 -18"><span class='ocrx_word' id='word_1_40' title='bbox 19 642 148 698; x_wconf 86' lang='lat' dir='ltr'><strong>‘Aere</strong></span> <span class='ocrx_word' id='word_1_41' title='bbox 175 648 207 696; x_wconf 90' lang='lat' dir='ltr'><strong>et</strong></span> <span class='ocrx_word' id='word_1_42' title='bbox 228 637 422 714; x_wconf 88' lang='lat' dir='ltr'><strong>cornipedum</strong></span> <span class='ocrx_word' id='word_1_43' title='bbox 446 639 532 715; x_wconf 91' lang='lat' dir='ltr'><strong>pulsu</strong></span> <span class='ocrx_word' id='word_1_44' title='bbox 558 638 707 699; x_wconf 84' lang='lat' dir='ltr'><strong>simularet</strong></span> <span class='ocrx_word' id='word_1_45' title='bbox 729 659 881 716; x_wconf 91' lang='lat' dir='ltr'><strong>equorum.</strong></span> 
     </span>
     <span class='ocr_line' id='line_1_8' title="bbox 22 718 891 795; baseline 0.003 -17"><span class='ocrx_word' id='word_1_46' title='bbox 22 722 102 778; x_wconf 91' lang='lat' dir='ltr'><strong>‘At</strong></span> <span class='ocrx_word' id='word_1_47' title='bbox 134 729 225 794; x_wconf 89' lang='lat' dir='ltr'><strong>pater</strong></span> <span class='ocrx_word' id='word_1_48' title='bbox 248 718 437 795; x_wconf 89' lang='lat' dir='ltr'><strong>omnipotens</strong></span> <span class='ocrx_word' id='word_1_49' title='bbox 459 719 553 778; x_wconf 84' lang='lat' dir='ltr'><strong>densa</strong></span> <span class='ocrx_word' id='word_1_50' title='bbox 576 719 653 778; x_wconf 90' lang='lat' dir='ltr'><strong>inter</strong></span> <span class='ocrx_word' id='word_1_51' title='bbox 675 721 777 779; x_wconf 89' lang='lat' dir='ltr'><strong>nubila</strong></span> <span class='ocrx_word' id='word_1_52' title='bbox 800 723 891 781; x_wconf 90' lang='lat' dir='ltr'><strong>telum</strong></span> 
     </span>
     <span class='ocr_line' id='line_1_9' title="bbox 24 798 816 872; baseline 0.001 -12"><span class='ocrx_word' id='word_1_53' title='bbox 24 798 241 872; x_wconf 89' lang='lat' dir='ltr'><strong>‘Contorsit,</strong></span> <span class='ocrx_word' id='word_1_54' title='bbox 261 818 324 858; x_wconf 88' lang='lat' dir='ltr'><strong>non</strong></span> <span class='ocrx_word' id='word_1_55' title='bbox 344 800 394 859; x_wconf 91' lang='lat' dir='ltr'><strong>ille</strong></span> <span class='ocrx_word' id='word_1_56' title='bbox 413 800 501 871; x_wconf 87' lang='lat' dir='ltr'><strong>faces,</strong></span> <span class='ocrx_word' id='word_1_57' title='bbox 523 818 580 859; x_wconf 91' lang='lat' dir='ltr'><strong>nec</strong></span> <span class='ocrx_word' id='word_1_58' title='bbox 600 801 699 859; x_wconf 86' lang='lat' dir='ltr'><strong>fumea</strong></span> <span class='ocrx_word' id='word_1_59' title='bbox 721 801 816 861; x_wconf 90' lang='lat' dir='ltr'><strong>taedis</strong></span> 
     </span>
     <span class='ocr_line' id='line_1_10' title="bbox 27 878 905 959; baseline 0.004 -20.089"><span class='ocrx_word' id='word_1_60' title='bbox 27 879 217 951; x_wconf 67' lang='lat' dir='ltr'><strong>‘Lumina</strong></span> <span class='ocrx_word' id='word_1_61' title='bbox 240 878 491 955; x_wconf 90' lang='lat' dir='ltr'><strong>praecipitemque</strong></span> <span class='ocrx_word' id='word_1_62' title='bbox 513 879 634 938; x_wconf 90' lang='lat' dir='ltr'><strong>immani</strong></span> <span class='ocrx_word' id='word_1_63' title='bbox 659 881 776 941; x_wconf 86' lang='lat' dir='ltr'><strong>turbine</strong></span> <span class='ocrx_word' id='word_1_64' title='bbox 799 881 905 959; x_wconf 86' lang='lat' dir='ltr'><strong>adegit.</strong></span> 
     </span>
     <span class='ocr_line' id='line_1_11' title="bbox 32 959 1054 1052; baseline 0.005 -33.105"><span class='ocrx_word' id='word_1_65' title='bbox 32 963 90 1019; x_wconf 96' lang='lat' dir='ltr'>N</span> <span class='ocrx_word' id='word_1_66' title='bbox 95 979 139 1019; x_wconf 88' lang='lat' dir='ltr'><strong>ec</strong></span> <span class='ocrx_word' id='word_1_67' title='bbox 166 978 230 1018; x_wconf 90' lang='lat' dir='ltr'><strong>non</strong></span> <span class='ocrx_word' id='word_1_68' title='bbox 254 970 284 1019; x_wconf 89' lang='lat' dir='ltr'><strong>et</strong></span> <span class='ocrx_word' id='word_1_69' title='bbox 303 959 424 1036; x_wconf 89' lang='lat' dir='ltr'><strong>Tityon,</strong></span> <span class='ocrx_word' id='word_1_70' title='bbox 448 962 556 1019; x_wconf 89' lang='lat' dir='ltr'><strong>Terrae</strong></span> <span class='ocrx_word' id='word_1_71' title='bbox 580 961 792 1052; x_wconf 77' lang='lat' dir='ltr'><strong>omniparentis</strong></span> <span class='ocrx_word' id='word_1_72' title='bbox 814 964 976 1038; x_wconf 90' lang='lat' dir='ltr'><strong>alumnum,</strong></span> <span class='ocrx_word' id='word_1_73' title='bbox 998 983 1054 1044; x_wconf 84' lang='lat'><strong>595</strong></span> 
     </span>
     <span class='ocr_line' id='line_1_12' title="bbox 33 1040 917 1120; baseline 0.003 -19.084"><span class='ocrx_word' id='word_1_74' title='bbox 33 1043 208 1101; x_wconf 83' lang='lat' dir='ltr'><strong>‘Cernere</strong></span> <span class='ocrx_word' id='word_1_75' title='bbox 232 1050 303 1112; x_wconf 89' lang='lat' dir='ltr'><strong>erat,</strong></span> <span class='ocrx_word' id='word_1_76' title='bbox 326 1059 379 1116; x_wconf 90' lang='lat' dir='ltr'><strong>per</strong></span> <span class='ocrx_word' id='word_1_77' title='bbox 400 1050 464 1100; x_wconf 88' lang='lat' dir='ltr'><strong>tota</strong></span> <span class='ocrx_word' id='word_1_78' title='bbox 486 1059 594 1100; x_wconf 91' lang='lat' dir='ltr'><strong>novem</strong></span> <span class='ocrx_word' id='word_1_79' title='bbox 618 1041 666 1099; x_wconf 89' lang='lat' dir='ltr'><strong>cui</strong></span> <span class='ocrx_word' id='word_1_80' title='bbox 688 1040 787 1118; x_wconf 87' lang='lat' dir='ltr'><strong>iugera</strong></span> <span class='ocrx_word' id='word_1_81' title='bbox 811 1062 917 1120; x_wconf 87' lang='lat' dir='ltr'><strong>corpus</strong></span> 
     </span>
     <span class='ocr_line' id='line_1_13' title="bbox 35 1120 857 1196; baseline 0.001 -16.03"><span class='ocrx_word' id='word_1_82' title='bbox 35 1120 255 1196; x_wconf 82' lang='lat' dir='ltr'><strong>‘Porrigitur3</strong></span> <span class='ocrx_word' id='word_1_83' title='bbox 282 1131 435 1196; x_wconf 90' lang='lat' dir='ltr'><strong>rostroque</strong></span> <span class='ocrx_word' id='word_1_84' title='bbox 458 1120 595 1180; x_wconf 86' lang='lat' dir='ltr'><strong>immanis</strong></span> <span class='ocrx_word' id='word_1_85' title='bbox 619 1123 716 1180; x_wconf 90' lang='lat' dir='ltr'><strong>voltur</strong></span> <span class='ocrx_word' id='word_1_86' title='bbox 738 1123 857 1182; x_wconf 91' lang='lat' dir='ltr'><strong>obunco</strong></span> 
     </span>
     <span class='ocr_line' id='line_1_14' title="bbox 37 1199 842 1278; baseline 0.001 -18.033"><span class='ocrx_word' id='word_1_87' title='bbox 37 1199 283 1260; x_wconf 88' lang='lat' dir='ltr'><strong>‘&#39;Immortale</strong></span> <span class='ocrx_word' id='word_1_88' title='bbox 275 1220 357 1260; x_wconf 86' lang='lat' dir='ltr'><strong>iecur</strong></span> <span class='ocrx_word' id='word_1_89' title='bbox 377 1202 506 1260; x_wconf 89' lang='lat' dir='ltr'><strong>tondens</strong></span> <span class='ocrx_word' id='word_1_90' title='bbox 527 1201 714 1278; x_wconf 87' lang='lat' dir='ltr'><strong>fecundaque</strong></span> <span class='ocrx_word' id='word_1_91' title='bbox 737 1204 842 1278; x_wconf 89' lang='lat' dir='ltr'><strong>poenis</strong></span> 
     </span>
     <span class='ocr_line' id='line_1_15' title="bbox 42 1281 876 1358; baseline 0.005 -19"><span class='ocrx_word' id='word_1_92' title='bbox 42 1282 201 1340; x_wconf 87' lang='lat' dir='ltr'><strong>‘Viscera</strong></span> <span class='ocrx_word' id='word_1_93' title='bbox 224 1281 403 1357; x_wconf 84' lang='lat' dir='ltr'><strong>rimaturque</strong></span> <span class='ocrx_word' id='word_1_94' title='bbox 425 1281 520 1357; x_wconf 91' lang='lat' dir='ltr'><strong>epulis</strong></span> <span class='ocrx_word' id='word_1_95' title='bbox 542 1281 714 1358; x_wconf 87' lang='lat' dir='ltr'><strong>habitatque</strong></span> <span class='ocrx_word' id='word_1_96' title='bbox 737 1284 793 1341; x_wconf 91' lang='lat' dir='ltr'><strong>sub</strong></span> <span class='ocrx_word' id='word_1_97' title='bbox 815 1285 876 1344; x_wconf 90' lang='lat' dir='ltr'><strong>alto</strong></span> 
     </span>
     <span class='ocr_line' id='line_1_16' title="bbox 43 1360 1058 1437; baseline 0.003 -16"><span class='ocrx_word' id='word_1_98' title='bbox 43 1366 212 1435; x_wconf 90' lang='lat' dir='ltr'><strong>‘Pectore‚</strong></span> <span class='ocrx_word' id='word_1_99' title='bbox 236 1381 293 1420; x_wconf 93' lang='lat' dir='ltr'><strong>nec</strong></span> <span class='ocrx_word' id='word_1_100' title='bbox 316 1360 396 1421; x_wconf 88' lang='lat' dir='ltr'><strong>fibris</strong></span> <span class='ocrx_word' id='word_1_101' title='bbox 418 1361 533 1437; x_wconf 91' lang='lat' dir='ltr'><strong>requies</strong></span> <span class='ocrx_word' id='word_1_102' title='bbox 555 1363 642 1421; x_wconf 89' lang='lat' dir='ltr'><strong>datur</strong></span> <span class='ocrx_word' id='word_1_103' title='bbox 662 1364 722 1420; x_wconf 89' lang='lat' dir='ltr'><strong>ulla</strong></span> <span class='ocrx_word' id='word_1_104' title='bbox 746 1365 861 1423; x_wconf 85' lang='lat' dir='ltr'><strong>renatis.</strong></span> <span class='ocrx_word' id='word_1_105' title='bbox 999 1371 1058 1427; x_wconf 89' lang='lat'><strong>600</strong></span> 
     </span>
     <span class='ocr_line' id='line_1_17' title="bbox 47 1441 922 1521; baseline 0.007 -21"><span class='ocrx_word' id='word_1_106' title='bbox 47 1441 162 1518; x_wconf 88' lang='lat' dir='ltr'><strong>‘Quid</strong></span> <span class='ocrx_word' id='word_1_107' title='bbox 186 1460 348 1501; x_wconf 89' lang='lat' dir='ltr'><strong>memorem</strong></span> <span class='ocrx_word' id='word_1_108' title='bbox 372 1442 523 1518; x_wconf 89' lang='lat' dir='ltr'><strong>Lapithas,</strong></span> <span class='ocrx_word' id='word_1_109' title='bbox 548 1443 654 1501; x_wconf 88' lang='lat' dir='ltr'><strong>Ixiona</strong></span> <span class='ocrx_word' id='word_1_110' title='bbox 678 1442 922 1521; x_wconf 85' lang='lat' dir='ltr'><strong>Pirithoumque?</strong></span> 
     </span>
     <span class='ocr_line' id='line_1_18' title="bbox 49 1521 951 1603; baseline 0.007 -23"><span class='ocrx_word' id='word_1_111' title='bbox 49 1525 163 1598; x_wconf 87' lang='lat' dir='ltr'><strong>‘Quos</strong></span> <span class='ocrx_word' id='word_1_112' title='bbox 184 1541 273 1598; x_wconf 90' lang='lat' dir='ltr'><strong>super</strong></span> <span class='ocrx_word' id='word_1_113' title='bbox 296 1533 358 1581; x_wconf 88' lang='lat' dir='ltr'><strong>atra</strong></span> <span class='ocrx_word' id='word_1_114' title='bbox 379 1522 452 1581; x_wconf 85' lang='lat' dir='ltr'><strong>silex</strong></span> <span class='ocrx_word' id='word_1_115' title='bbox 473 1521 533 1580; x_wconf 90' lang='lat' dir='ltr'><strong>iam</strong></span> <span class='ocrx_word' id='word_1_116' title='bbox 557 1523 616 1581; x_wconf 86' lang='lat' dir='ltr'><strong>iam</strong></span> <span class='ocrx_word' id='word_1_117' title='bbox 637 1523 753 1598; x_wconf 89' lang='lat' dir='ltr'><strong>lapsura</strong></span> <span class='ocrx_word' id='word_1_118' title='bbox 774 1527 951 1603; x_wconf 86' lang='lat' dir='ltr'><strong>cadentique</strong></span> 
     </span>
     <span class='ocr_line' id='line_1_19' title="bbox 51 1601 794 1679; baseline 0.001 -17"><span class='ocrx_word' id='word_1_119' title='bbox 51 1602 221 1662; x_wconf 88' lang='lat' dir='ltr'><strong>‘Imminet</strong></span> <span class='ocrx_word' id='word_1_120' title='bbox 242 1602 397 1662; x_wconf 90' lang='lat' dir='ltr'><strong>adsimilis:</strong></span> <span class='ocrx_word' id='word_1_121' title='bbox 418 1604 519 1661; x_wconf 90' lang='lat' dir='ltr'><strong>lucent</strong></span> <span class='ocrx_word' id='word_1_122' title='bbox 540 1601 706 1679; x_wconf 89' lang='lat' dir='ltr'><strong>genialibus</strong></span> <span class='ocrx_word' id='word_1_123' title='bbox 728 1604 794 1664; x_wconf 91' lang='lat' dir='ltr'><strong>altis</strong></span> 
     </span>
     <span class='ocr_line' id='line_1_20' title="bbox 52 1682 894 1762; baseline 0.005 -20"><span class='ocrx_word' id='word_1_124' title='bbox 52 1687 177 1743; x_wconf 74' lang='lat' dir='ltr'><strong>‘Aurea</strong></span> <span class='ocrx_word' id='word_1_125' title='bbox 198 1683 292 1741; x_wconf 85' lang='lat' dir='ltr'><strong>fulcra</strong></span> <span class='ocrx_word' id='word_1_126' title='bbox 313 1682 393 1755; x_wconf 78' lang='lat' dir='ltr'><strong>toriS,</strong></span> <span class='ocrx_word' id='word_1_127' title='bbox 416 1685 582 1759; x_wconf 85' lang='lat' dir='ltr'><strong>epulaeque</strong></span> <span class='ocrx_word' id='word_1_128' title='bbox 606 1694 675 1742; x_wconf 85' lang='lat' dir='ltr'><strong>ante</strong></span> <span class='ocrx_word' id='word_1_129' title='bbox 698 1704 749 1742; x_wconf 90' lang='lat' dir='ltr'><strong>ora</strong></span> <span class='ocrx_word' id='word_1_130' title='bbox 776 1697 894 1762; x_wconf 88' lang='lat' dir='ltr'><strong>paratae</strong></span> 
     </span>
     <span class='ocr_line' id='line_1_21' title="bbox 55 1762 1056 1846; baseline 0.004 -24"><span class='ocrx_word' id='word_1_131' title='bbox 55 1762 213 1840; x_wconf 87' lang='lat' dir='ltr'><strong>‘Regilico</strong></span> <span class='ocrx_word' id='word_1_132' title='bbox 235 1764 326 1835; x_wconf 80' lang='lat' dir='ltr'><strong>luxu3</strong></span> <span class='ocrx_word' id='word_1_133' title='bbox 353 1763 505 1822; x_wconf 89' lang='lat' dir='ltr'><strong>Furiamm</strong></span> <span class='ocrx_word' id='word_1_134' title='bbox 528 1763 656 1822; x_wconf 84' lang='lat' dir='ltr'><strong>maxima</strong></span> <span class='ocrx_word' id='word_1_135' title='bbox 677 1764 759 1822; x_wconf 85' lang='lat' dir='ltr'><strong>iuxta</strong></span> <span class='ocrx_word' id='word_1_136' title='bbox 1000 1770 1056 1846; x_wconf 84' lang='lat'><strong>605</strong></span> 
     </span>
     <span class='ocr_line' id='line_1_22' title="bbox 57 1842 938 1920; baseline 0.005 -18"><span class='ocrx_word' id='word_1_137' title='bbox 57 1846 226 1914; x_wconf 87' lang='lat' dir='ltr'><strong>‘Accubat‚</strong></span> <span class='ocrx_word' id='word_1_138' title='bbox 250 1853 280 1902; x_wconf 93' lang='lat' dir='ltr'><strong>et</strong></span> <span class='ocrx_word' id='word_1_139' title='bbox 301 1843 438 1902; x_wconf 88' lang='lat' dir='ltr'><strong>manibus</strong></span> <span class='ocrx_word' id='word_1_140' title='bbox 460 1842 597 1919; x_wconf 91' lang='lat' dir='ltr'><strong>prohibet</strong></span> <span class='ocrx_word' id='word_1_141' title='bbox 619 1845 790 1920; x_wconf 86' lang='lat' dir='ltr'><strong>contingere</strong></span> <span class='ocrx_word' id='word_1_142' title='bbox 812 1865 938 1920; x_wconf 87' lang='lat' dir='ltr'><strong>mensas,</strong></span> 
     </span>
     <span class='ocr_line' id='line_1_23' title="bbox 57 1923 903 2000; baseline 0.001 -17"><span class='ocrx_word' id='word_1_143' title='bbox 57 1923 279 2000; x_wconf 86' lang='lat' dir='ltr'><strong>‘Exsurgitque</strong></span> <span class='ocrx_word' id='word_1_144' title='bbox 302 1925 396 1982; x_wconf 82' lang='lat' dir='ltr'><strong>lacem</strong></span> <span class='ocrx_word' id='word_1_145' title='bbox 421 1925 567 1994; x_wconf 87' lang='lat' dir='ltr'><strong>attollens,</strong></span> <span class='ocrx_word' id='word_1_146' title='bbox 592 1935 682 2000; x_wconf 90' lang='lat' dir='ltr'><strong>atque</strong></span> <span class='ocrx_word' id='word_1_147' title='bbox 705 1925 820 1984; x_wconf 90' lang='lat' dir='ltr'><strong>intonat</strong></span> <span class='ocrx_word' id='word_1_148' title='bbox 844 1945 903 1985; x_wconf 89' lang='lat' dir='ltr'><strong>ore.</strong></span> 
     </span>
     <span class='ocr_line' id='line_1_24' title="bbox 59 2003 870 2080; baseline 0 -16"><span class='ocrx_word' id='word_1_149' title='bbox 59 2003 153 2076; x_wconf 74' lang='grc' dir='ltr'><strong>ιΗίς,</strong></span> <span class='ocrx_word' id='word_1_150' title='bbox 177 2003 283 2080; x_wconf 93' lang='lat' dir='ltr'><strong>quibus</strong></span> <span class='ocrx_word' id='word_1_151' title='bbox 305 2003 391 2062; x_wconf 91' lang='lat' dir='ltr'><strong>invisi</strong></span> <span class='ocrx_word' id='word_1_152' title='bbox 413 2004 523 2077; x_wconf 85' lang='lat' dir='ltr'><strong>fratres,</strong></span> <span class='ocrx_word' id='word_1_153' title='bbox 547 2005 618 2062; x_wconf 92' lang='lat' dir='ltr'><strong>dum</strong></span> <span class='ocrx_word' id='word_1_154' title='bbox 641 2003 701 2063; x_wconf 88' lang='lat' dir='ltr'><strong>vita</strong></span> <span class='ocrx_word' id='word_1_155' title='bbox 723 2006 870 2077; x_wconf 89' lang='lat' dir='ltr'><strong>manebat,</strong></span> 
     </span>
     <span class='ocr_line' id='line_1_25' title="bbox 60 2084 802 2160; baseline -0.004 -15"><span class='ocrx_word' id='word_1_156' title='bbox 60 2086 254 2145; x_wconf 83' lang='lat' dir='ltr'><strong>‘Pulsatusve</strong></span> <span class='ocrx_word' id='word_1_157' title='bbox 276 2103 391 2160; x_wconf 81' lang='lat' dir='ltr'><strong>parem,</strong></span> <span class='ocrx_word' id='word_1_158' title='bbox 415 2093 445 2142; x_wconf 93' lang='lat' dir='ltr'><strong>et</strong></span> <span class='ocrx_word' id='word_1_159' title='bbox 467 2085 544 2144; x_wconf 79' lang='lat' dir='ltr'><strong>fraus</strong></span> <span class='ocrx_word' id='word_1_160' title='bbox 568 2084 676 2144; x_wconf 89' lang='lat' dir='ltr'><strong>innexa</strong></span> <span class='ocrx_word' id='word_1_161' title='bbox 694 2084 802 2157; x_wconf 90' lang='lat' dir='ltr'><strong>clienti,</strong></span> 
     </span>
     <span class='ocr_line' id='line_1_26' title="bbox 62 2161 1061 2241; baseline 0.003 -17"><span class='ocrx_word' id='word_1_162' title='bbox 62 2168 145 2225; x_wconf 88' lang='lat' dir='ltr'><strong>‘Aut</strong></span> <span class='ocrx_word' id='word_1_163' title='bbox 165 2163 216 2241; x_wconf 91' lang='lat' dir='ltr'><strong>qui</strong></span> <span class='ocrx_word' id='word_1_164' title='bbox 239 2163 348 2224; x_wconf 91' lang='lat' dir='ltr'><strong>divitiis</strong></span> <span class='ocrx_word' id='word_1_165' title='bbox 373 2162 429 2222; x_wconf 88' lang='lat' dir='ltr'><strong>soli</strong></span> <span class='ocrx_word' id='word_1_166' title='bbox 449 2161 608 2224; x_wconf 87' lang='lat' dir='ltr'><strong>incubuere</strong></span> <span class='ocrx_word' id='word_1_167' title='bbox 629 2164 759 2240; x_wconf 89' lang='lat' dir='ltr'><strong>repertis,</strong></span> <span class='ocrx_word' id='word_1_168' title='bbox 1001 2171 1061 2228; x_wconf 91' lang='lat'><strong>610</strong></span> 
     </span>
     <span class='ocr_line' id='line_1_27' title="bbox 64 2243 981 2326; baseline 0 -20"><span class='ocrx_word' id='word_1_169' title='bbox 64 2249 150 2306; x_wconf 87' lang='lat' dir='ltr'><strong>‘Nec</strong></span> <span class='ocrx_word' id='word_1_170' title='bbox 171 2255 282 2321; x_wconf 88' lang='lat' dir='ltr'><strong>partem</strong></span> <span class='ocrx_word' id='word_1_171' title='bbox 307 2263 431 2319; x_wconf 90' lang='lat' dir='ltr'><strong>posuere</strong></span> <span class='ocrx_word' id='word_1_172' title='bbox 454 2244 515 2303; x_wconf 91' lang='lat' dir='ltr'><strong>suis</strong></span> <span class='ocrx_word' id='word_1_173' title='bbox 538 2243 626 2323; x_wconf 86' lang='lat' dir='ltr'><strong>(quae</strong></span> <span class='ocrx_word' id='word_1_174' title='bbox 651 2243 779 2304; x_wconf 84' lang='lat' dir='ltr'><strong>maxima</strong></span> <span class='ocrx_word' id='word_1_175' title='bbox 801 2246 886 2305; x_wconf 90' lang='lat' dir='ltr'><strong>turba</strong></span> <span class='ocrx_word' id='word_1_176' title='bbox 910 2247 967 2326; x_wconf 87' lang='lat' dir='ltr'><strong>est)</strong></span> <span class='ocrx_word' id='word_1_177' title='bbox 972 2270 981 2323; x_wconf 77' lang='lat'><em>3</em></span> 
     </span>
     <span class='ocr_line' id='line_1_28' title="bbox 65 2323 916 2402; baseline 0.001 -17"><span class='ocrx_word' id='word_1_178' title='bbox 65 2325 201 2402; x_wconf 87' lang='lat' dir='ltr'><strong>‘Quique</strong></span> <span class='ocrx_word' id='word_1_179' title='bbox 222 2327 261 2385; x_wconf 92' lang='lat' dir='ltr'><strong>ob</strong></span> <span class='ocrx_word' id='word_1_180' title='bbox 282 2325 458 2384; x_wconf 89' lang='lat' dir='ltr'><strong>adulterium</strong></span> <span class='ocrx_word' id='word_1_181' title='bbox 479 2324 565 2397; x_wconf 88' lang='lat' dir='ltr'><strong>caesi,</strong></span> <span class='ocrx_word' id='word_1_182' title='bbox 588 2323 699 2400; x_wconf 88' lang='lat' dir='ltr'><strong>quique</strong></span> <span class='ocrx_word' id='word_1_183' title='bbox 720 2343 803 2384; x_wconf 87' lang='lat' dir='ltr'><strong>arma</strong></span> <span class='ocrx_word' id='word_1_184' title='bbox 823 2327 916 2386; x_wconf 90' lang='lat' dir='ltr'><strong>secuti</strong></span> 
     </span>
     <span class='ocr_line' id='line_1_29' title="bbox 68 2403 846 2482; baseline -0.001 -15"><span class='ocrx_word' id='word_1_185' title='bbox 68 2405 189 2482; x_wconf 72' lang='lat' dir='ltr'><strong>‘Impia</strong></span> <span class='ocrx_word' id='word_1_186' title='bbox 211 2424 267 2465; x_wconf 90' lang='lat' dir='ltr'><strong>nec</strong></span> <span class='ocrx_word' id='word_1_187' title='bbox 286 2404 370 2464; x_wconf 89' lang='lat' dir='ltr'><strong>veriti</strong></span> <span class='ocrx_word' id='word_1_188' title='bbox 391 2403 579 2464; x_wconf 89' lang='lat' dir='ltr'><strong>dominomm</strong></span> <span class='ocrx_word' id='word_1_189' title='bbox 601 2406 700 2464; x_wconf 86' lang='lat' dir='ltr'><strong>fallere</strong></span> <span class='ocrx_word' id='word_1_190' title='bbox 721 2406 846 2479; x_wconf 85' lang='lat' dir='ltr'><strong>dextras,</strong></span> 
     </span>
     <span class='ocr_line' id='line_1_30' title="bbox 70 2485 895 2562; baseline 0 -15"><span class='ocrx_word' id='word_1_191' title='bbox 70 2485 196 2547; x_wconf 89' lang='lat' dir='ltr'><strong>‘Inclusi</strong></span> <span class='ocrx_word' id='word_1_192' title='bbox 216 2504 343 2562; x_wconf 86' lang='lat' dir='ltr'><strong>poenam</strong></span> <span class='ocrx_word' id='word_1_193' title='bbox 365 2494 544 2561; x_wconf 86' lang='lat' dir='ltr'><strong>exspectant</strong></span> <span class='ocrx_word' id='word_1_194' title='bbox 588 2487 636 2545; x_wconf 89' lang='lat' dir='ltr'><strong>Ne</strong></span> <span class='ocrx_word' id='word_1_195' title='bbox 658 2504 766 2561; x_wconf 88' lang='lat' dir='ltr'><strong>quaere</strong></span> <span class='ocrx_word' id='word_1_196' title='bbox 786 2487 895 2559; x_wconf 90' lang='lat' dir='ltr'><strong>doceri,</strong></span> 
     </span>
     <span class='ocr_line' id='line_1_31' title="bbox 71 2565 1060 2656; baseline 0.002 -30"><span class='ocrx_word' id='word_1_197' title='bbox 71 2569 184 2644; x_wconf 86' lang='lat' dir='ltr'><strong>‘Quam</strong></span> <span class='ocrx_word' id='word_1_198' title='bbox 197 2584 334 2656; x_wconf 86' lang='lat' dir='ltr'><strong>poenam,</strong></span> <span class='ocrx_word' id='word_1_199' title='bbox 349 2576 401 2624; x_wconf 90' lang='lat' dir='ltr'><strong>aut</strong></span> <span class='ocrx_word' id='word_1_200' title='bbox 414 2584 491 2642; x_wconf 86' lang='lat' dir='ltr'><strong>quae</strong></span> <span class='ocrx_word' id='word_1_201' title='bbox 505 2565 639 2625; x_wconf 81' lang='lat' dir='ltr'><strong>forma</strong></span> <span class='ocrx_word' id='word_1_202' title='bbox 612 2584 690 2625; x_wconf 83' lang='lat' dir='ltr'><strong>vrros</strong></span> <span class='ocrx_word' id='word_1_203' title='bbox 703 2567 856 2628; x_wconf 85' lang='lat' dir='ltr'><strong>fortunave</strong></span> <span class='ocrx_word' id='word_1_204' title='bbox 871 2581 986 2628; x_wconf 90' lang='lat' dir='ltr'><strong>merset.</strong></span> <span class='ocrx_word' id='word_1_205' title='bbox 1003 2572 1060 2648; x_wconf 88' lang='lat'><strong>615</strong></span> 
     </span>
     <span class='ocr_line' id='line_1_32' title="bbox 74 2644 835 2738; baseline -0.001 -31"><span class='ocrx_word' id='word_1_206' title='bbox 74 2646 220 2707; x_wconf 83' lang='lat' dir='ltr'><strong>‘Saxum</strong></span> <span class='ocrx_word' id='word_1_207' title='bbox 208 2665 316 2738; x_wconf 37' lang='lat' dir='ltr'><strong>&#39;mgens</strong></span> <span class='ocrx_word' id='word_1_208' title='bbox 336 2646 459 2705; x_wconf 87' lang='lat' dir='ltr'><strong>volvunt</strong></span> <span class='ocrx_word' id='word_1_209' title='bbox 479 2644 537 2718; x_wconf 88' lang='lat' dir='ltr'><strong>alii,</strong></span> <span class='ocrx_word' id='word_1_210' title='bbox 558 2644 684 2706; x_wconf 87' lang='lat' dir='ltr'><strong>radiisve</strong></span> <span class='ocrx_word' id='word_1_211' title='bbox 704 2657 835 2706; x_wconf 87' lang='lat' dir='ltr'><strong>rotarum</strong></span> 
     </span>
     <span class='ocr_line' id='line_1_33' title="bbox 75 2726 868 2816; baseline -0.001 -30"><span class='ocrx_word' id='word_1_212' title='bbox 75 2726 217 2786; x_wconf 86' lang='lat' dir='ltr'><strong>‘Districti</strong></span> <span class='ocrx_word' id='word_1_213' title='bbox 236 2727 388 2802; x_wconf 91' lang='lat' dir='ltr'><strong>pendent:</strong></span> <span class='ocrx_word' id='word_1_214' title='bbox 416 2726 499 2785; x_wconf 91' lang='lat' dir='ltr'><strong>sedet</strong></span> <span class='ocrx_word' id='word_1_215' title='bbox 519 2736 731 2816; x_wconf 83' lang='lat' dir='ltr'><strong>aeternumque</strong></span> <span class='ocrx_word' id='word_1_216' title='bbox 752 2727 868 2787; x_wconf 90' lang='lat' dir='ltr'><strong>sedebit</strong></span> 
     </span>
     <span class='ocr_line' id='line_1_34' title="bbox 77 2805 916 2882; baseline 0 -16"><span class='ocrx_word' id='word_1_217' title='bbox 77 2806 193 2866; x_wconf 78' lang='lat' dir='ltr'><strong>‘Infelix</strong></span> <span class='ocrx_word' id='word_1_218' title='bbox 211 2808 362 2880; x_wconf 79' lang='lat' dir='ltr'><strong>Theseus3</strong></span> <span class='ocrx_word' id='word_1_219' title='bbox 390 2806 592 2882; x_wconf 87' lang='lat' dir='ltr'><strong>Phlegyasque</strong></span> <span class='ocrx_word' id='word_1_220' title='bbox 613 2805 791 2864; x_wconf 89' lang='lat' dir='ltr'><strong>miserrimus</strong></span> <span class='ocrx_word' id='word_1_221' title='bbox 812 2825 916 2866; x_wconf 87' lang='lat' dir='ltr'><strong>omnes</strong></span> 
     </span>
     <span class='ocr_line' id='line_1_35' title="bbox 79 2888 890 2961; baseline -0.005 -13"><span class='ocrx_word' id='word_1_222' title='bbox 79 2889 243 2958; x_wconf 64' lang='lat' dir='ltr'><strong>‘Admonet</strong></span> <span class='ocrx_word' id='word_1_223' title='bbox 265 2896 295 2945; x_wconf 89' lang='lat' dir='ltr'><strong>et</strong></span> <span class='ocrx_word' id='word_1_224' title='bbox 316 2904 423 2961; x_wconf 84' lang='lat' dir='ltr'><strong>magna</strong></span> <span class='ocrx_word' id='word_1_225' title='bbox 444 2896 566 2945; x_wconf 88' lang='lat' dir='ltr'><strong>testatur</strong></span> <span class='ocrx_word' id='word_1_226' title='bbox 586 2905 659 2944; x_wconf 88' lang='lat' dir='ltr'><strong>voce</strong></span> <span class='ocrx_word' id='word_1_227' title='bbox 680 2904 734 2961; x_wconf 88' lang='lat' dir='ltr'><strong>per</strong></span> <span class='ocrx_word' id='word_1_228' title='bbox 752 2888 890 2945; x_wconf 88' lang='lat' dir='ltr'><strong>umbras:</strong></span> 
     </span>
     <span class='ocr_line' id='line_1_36' title="bbox 82 2967 1063 3030; baseline 0.001 -2"><span class='ocrx_word' id='word_1_229' title='bbox 82 2970 195 3028; x_wconf 79' lang='lat' dir='ltr'><strong>‘Discite</strong></span> <span class='ocrx_word' id='word_1_230' title='bbox 211 2968 352 3024; x_wconf 83' lang='lat' dir='ltr'><strong>iustitiam</strong></span> <span class='ocrx_word' id='word_1_231' title='bbox 374 2967 475 3024; x_wconf 84' lang='lat' dir='ltr'><strong>moniti</strong></span> <span class='ocrx_word' id='word_1_232' title='bbox 491 2973 518 3024; x_wconf 84' lang='lat' dir='ltr'><strong>et</strong></span> <span class='ocrx_word' id='word_1_233' title='bbox 536 2985 590 3025; x_wconf 81' lang='lat' dir='ltr'><strong>non</strong></span> <span class='ocrx_word' id='word_1_234' title='bbox 611 2973 729 3023; x_wconf 82' lang='lat' dir='ltr'><strong>temnere</strong></span> <span class='ocrx_word' id='word_1_235' title='bbox 746 2967 832 3026; x_wconf 76' lang='lat' dir='ltr'><strong>dz‘vos.</strong></span> <span class='ocrx_word' id='word_1_236' title='bbox 1005 2974 1063 3030; x_wconf 87' lang='lat'><strong>620</strong></span> 
     </span>
     <span class='ocr_line' id='line_1_37' title="bbox 83 3044 950 3123; baseline -0.001 -16"><span class='ocrx_word' id='word_1_237' title='bbox 83 3046 227 3108; x_wconf 90' lang='lat' dir='ltr'><strong>‘Vendidit</strong></span> <span class='ocrx_word' id='word_1_238' title='bbox 247 3045 296 3104; x_wconf 89' lang='lat' dir='ltr'><strong>hic</strong></span> <span class='ocrx_word' id='word_1_239' title='bbox 316 3065 388 3104; x_wconf 88' lang='lat' dir='ltr'><strong>auro</strong></span> <span class='ocrx_word' id='word_1_240' title='bbox 408 3045 542 3121; x_wconf 87' lang='lat' dir='ltr'><strong>patriam,</strong></span> <span class='ocrx_word' id='word_1_241' title='bbox 562 3044 778 3121; x_wconf 90' lang='lat' dir='ltr'><strong>dominumque</strong></span> <span class='ocrx_word' id='word_1_242' title='bbox 797 3057 950 3123; x_wconf 87' lang='lat' dir='ltr'><strong>potentem</strong></span> 
     </span>
     <span class='ocr_line' id='line_1_38' title="bbox 85 3125 769 3205; baseline 0 -17"><span class='ocrx_word' id='word_1_243' title='bbox 85 3126 230 3205; x_wconf 68' lang='lat' dir='ltr'><strong>‘Inposuit</strong></span> <span class='ocrx_word' id='word_1_244' title='bbox 253 3125 315 3185; x_wconf 83' lang='lat' dir='ltr'><strong>fixit</strong></span> <span class='ocrx_word' id='word_1_245' title='bbox 335 3127 413 3201; x_wconf 87' lang='lat' dir='ltr'><strong>leges</strong></span> <span class='ocrx_word' id='word_1_246' title='bbox 434 3125 529 3200; x_wconf 92' lang='lat' dir='ltr'><strong>pretio</strong></span> <span class='ocrx_word' id='word_1_247' title='bbox 549 3137 638 3202; x_wconf 89' lang='lat' dir='ltr'><strong>atque</strong></span> <span class='ocrx_word' id='word_1_248' title='bbox 659 3126 769 3188; x_wconf 85' lang='lat' dir='ltr'><strong>refixit:</strong></span> 
     </span>
     <span class='ocr_line' id='line_1_39' title="bbox 87 3205 964 3282; baseline 0 -14"><span class='ocrx_word' id='word_1_249' title='bbox 87 3209 155 3268; x_wconf 89' lang='lat' dir='ltr'><strong>‘Hic</strong></span> <span class='ocrx_word' id='word_1_250' title='bbox 172 3208 330 3266; x_wconf 88' lang='lat' dir='ltr'><strong>thalamum</strong></span> <span class='ocrx_word' id='word_1_251' title='bbox 350 3205 456 3264; x_wconf 87' lang='lat' dir='ltr'><strong>invasit</strong></span> <span class='ocrx_word' id='word_1_252' title='bbox 475 3217 562 3264; x_wconf 87' lang='lat' dir='ltr'><strong>natae</strong></span> <span class='ocrx_word' id='word_1_253' title='bbox 582 3205 748 3281; x_wconf 88' lang='lat' dir='ltr'><strong>vetitosque</strong></span> <span class='ocrx_word' id='word_1_254' title='bbox 770 3208 964 3282; x_wconf 89' lang='lat' dir='ltr'><strong>hymenaeos:</strong></span> 
     </span>
     <span class='ocr_line' id='line_1_40' title="bbox 88 3285 812 3359; baseline -0.008 -10"><span class='ocrx_word' id='word_1_255' title='bbox 88 3287 166 3349; x_wconf 88' lang='lat' dir='ltr'><strong>‘Ausi</strong></span> <span class='ocrx_word' id='word_1_256' title='bbox 182 3305 283 3348; x_wconf 88' lang='lat' dir='ltr'><strong>omnes</strong></span> <span class='ocrx_word' id='word_1_257' title='bbox 303 3285 432 3345; x_wconf 87' lang='lat' dir='ltr'><strong>immane</strong></span> <span class='ocrx_word' id='word_1_258' title='bbox 453 3285 544 3355; x_wconf 83' lang='lat' dir='ltr'><strong>nefas,</strong></span> <span class='ocrx_word' id='word_1_259' title='bbox 565 3303 698 3359; x_wconf 90' lang='lat' dir='ltr'><strong>ausoque</strong></span> <span class='ocrx_word' id='word_1_260' title='bbox 718 3286 812 3359; x_wconf 78' lang='lat' dir='ltr'><strong>potiti.</strong></span> 
     </span>
     <span class='ocr_line' id='line_1_41' title="bbox 429 3377 700 3440; baseline 0 -15"><span class='ocrx_word' id='word_1_261' title='bbox 429 3377 485 3440; x_wconf 85' lang='lat'><strong>615.</strong></span> <span class='ocrx_word' id='word_1_262' title='bbox 522 3379 599 3428; x_wconf 87' lang='lat' dir='ltr'><strong>MSS.</strong></span> <span class='ocrx_word' id='word_1_263' title='bbox 612 3380 700 3426; x_wconf 78' lang='lat' dir='ltr'><strong>mersit.</strong></span> 
     </span>
    </p>
   </div>
   <div class='ocr_carea' id='block_1_3' title="bbox 892 3483 986 3536">
    <p class='ocr_par' dir='ltr' id='par_1_3' title="bbox 892 3483 986 3536">
     <span class='ocr_line' id='line_1_42' title="bbox 892 3483 986 3536; baseline -0.032 0"><span class='ocrx_word' id='word_1_264' title='bbox 892 3483 986 3536; x_wconf 87' lang='lat'>18—2</span> 
     </span>
    </p>
   </div>
   <div class='ocr_carea' id='block_1_4' title="bbox 0 0 1236 3678">
    <p class='ocr_par' dir='ltr' id='par_1_4' title="bbox 0 0 1236 3678">
     <span class='ocr_line' id='line_1_43' title="bbox 0 0 1236 3678; baseline 0 0"><span class='ocrx_word' id='word_1_265' title='bbox 0 0 1236 3678; x_wconf 95' lang='lat' dir='ltr'><strong> </strong></span> 
     </span>
    </p>
   </div>
  </div>
 </body>
</html>
