2460 3686
342 657 855 733 ammmnmmffi

327 837 869 937 AENEIDOS

402 1040 529 1099 LIBER
555 1041 785 1102 SECUNDUS.

79 1277 440 1352 Communes-omnes,
463 1277 628 1355 intentique
648 1297 700 1338 ora
719 1279 867 1340 tenebant.

80 1357 174 1418 Inde
194 1368 262 1417 toro
281 1369 365 1434 pater
383 1360 501 1418 Aeneas
522 1359 563 1418 sic
584 1378 666 1418 orsus
687 1358 725 1419 ab
745 1361 822 1419 alto:

129 1438 323 1509 ‘Infandum
346 1437 470 1514 Regina,
491 1438 576 1498 iubes
596 1458 736 1499 renovare
756 1441 898 1514 dolorem,

80 1515 242 1576 Troianas
263 1528 297 1576 ut
318 1536 390 1593 opes
412 1529 442 1576 et
461 1519 652 1587 lamentabile¹
670 1537 793 1594 regnum

82 1596 235 1656 Eruerint
255 1597 370 1672 Danai3
389 1617 524 1674 quaeque
544 1598 609 1675 ipse
629 1597 790 1658 miserrima
803 1598 872 1672 vidi,

84 1675 131 1734 Et
154 1696 283 1753 quorum
304 1696 371 1752 pars
392 1697 500 1753 magna
520 1679 569 1736 sui.
612 1678 686 1753 Quis
706 1679 776 1738 talia
795 1681 885 1740 fando

86 1755 323 1832 Myrmidonum
346 1758 538 1832 Dolopumve
559 1769 611 1817 aut
631 1757 696 1818 duri
717 1759 801 1818 miles
823 1759 904 1820 Ulixi

85 1835 259 1912 Temperet
279 1856 297 1894 a
317 1835 461 1896 lacrimis!
491 1850 520 1896 et
540 1837 599 1896 iarn
621 1857 680 1897 nox
698 1839 800 1898 umida
819 1843 903 1900 caelo

86 1915 284 1992 Praecipitat,
305 1917 489 1993 suadentque
510 1916 646 1976 cadentia
667 1917 762 1978 sidera
783 1938 911 1980 somnos.
960 1955 961 1960 κ

87 1995 154 2056 Sed
175 1995 202 2055 si
222 2007 321 2056 tantus
341 2016 424 2056 amor
444 2017 528 2057 casus
549 2016 727 2074 cognoscere
748 2009 873 2072 nostros,
1050 2021 1086 2059 10

88 2075 132 2134 Et
154 2075 283 2136 breviter
303 2076 410 2136 Troiae
430 2096 599 2152 supremum
621 2077 721 2136 audire
741 2078 882 2150 laborem,

89 2156 287 2232 Quamquam
307 2155 422 2215 animus
442 2157 611 2217 meminisse
631 2159 730 2217 horret
749 2159 889 2234 luctuque
909 2158 1022 2236 refugit,

89 2235 252 2311 Incipiam.
353 2257 355 2260 ·

257 2317 354 2376 Fracti
373 2319 453 2378 bello
474 2318 598 2394 satisque
617 2317 727 2395 repulsi

90 2395 244 2456 Ductores
264 2399 412 2471 Danaum,
433 2407 479 2458 tot
498 2397 558 2457 iarn
579 2399 746 2458 labentibus
766 2398 859 2473 annis,

90 2476 197 2544 Instar,
213 2477 321 2537 montis
343 2497 451 2553 equom
472 2477 572 2538 divina
593 2479 720 2539 Palladis
740 2491 801 2538 arte
1048 2502 1082 2558 15

90 2555 269 2631 Aedificant,
293 2569 433 2632 sectaque
453 2556 590 2617 intexunt
609 2558 707 2618 abiete
727 2569 842 2620 costas:

88 2633 206 2694 Votum
226 2655 280 2712 pro
301 2637 397 2697 reditu
418 2636 576 2712 simulant;
596 2657 631 2698 ea
651 2641 729 2697 fama
747 2650 876 2715 vagatur.

90 2715 167 2775 Huc
187 2716 303 2776 delecta
321 2717 413 2776 virum
438 2716 531 2777 sortiti
551 2737 673 2794 corpora
694 2718 792 2777 furtim

90 2796 256 2855 Includunt
276 2817 366 2857 caeco
385 2797 476 2870 lateri,
498 2797 676 2873 penitusque
697 2816 836 2857 cavernas

92 2876 234 2951 Ingentes
255 2886 430 2953 uterumque
450 2886 564 2936 armato
585 2877 678 2936 milite
698 2879 857 2953 complent.
1044 2901 1082 2941 20

133 2958 205 3016 ‘Est
224 2954 256 3015 in
275 2967 438 3034 conspectu
458 2957 607 3028 Tenedos,
628 2955 781 3016 notissima
800 2959 879 3016 sama

91 3035 203 3108 Insula,
225 3035 308 3096 dives
329 3057 428 3113 opum,
452 3035 560 3097 Priami
581 3038 653 3097 dum
673 3056 764 3113 regna
783 3040 954 3113 manebant,

91 3115 182 3176 Nunc
201 3125 316 3176 tantum
338 3117 419 3176 sinus
439 3127 469 3177 et
490 3117 578 3177 statio
598 3118 675 3177 male
695 3119 755 3176 fida
776 3117 899 3179 carinis:

92 3197 164 3255 Huc
185 3215 216 3256 se
237 3195 368 3273 provecti
389 3198 506 3256 deserto
526 3196 558 3255 in
577 3196 664 3258 litore
683 3199 826 3258 condunt.

92 3276 156 3335 Nos
176 3275 284 3335 abiisse
303 3276 359 3335 rati
379 3287 409 3335 et
428 3285 520 3335 vento
540 3275 660 3351 petiisse
682 3279 833 3351 Mycenas
1043 3297 1079 3356 25

93 3355 170 3430 Ergo
191 3353 288 3413 omnis
308 3354 398 3430 longo
420 3352 507 3413 solvit
528 3372 560 3412 se
580 3354 707 3412 Teucria
727 3357 819 3412 luctu;
845 3413 846 3416 ,

872 3483 966 3520 12—2

1169 3545 1199 3560 Δ

1137 3557 1226 3634 ,Α
