<?xml version="1.0" encoding="UTF-8"?>
<!DOCTYPE html PUBLIC "-//W3C//DTD XHTML 1.0 Transitional//EN"
    "http://www.w3.org/TR/xhtml1/DTD/xhtml1-transitional.dtd">
<html xmlns="http://www.w3.org/1999/xhtml" xml:lang="en" lang="en">
 <head>
  <title>
</title>
<meta http-equiv="Content-Type" content="text/html;charset=utf-8" />
  <meta name='ocr-system' content='tesseract 3.04.00' />
  <meta name='ocr-capabilities' content='ocr_page ocr_carea ocr_par ocr_line ocrx_word'/>
</head>
<body>
  <div class='ocr_page' id='page_1' title='image "./pvergilimaronis13virggoog/pvergilimaronis13virggoog_0264.png"; bbox 0 0 2460 3686; ppageno 0'>
   <div class='ocr_carea' id='block_1_1' title="bbox 281 90 1097 187">
    <p class='ocr_par' dir='ltr' id='par_1_1' title="bbox 281 90 1097 187">
     <span class='ocr_line' id='line_1_1' title="bbox 281 90 1097 187; baseline 0.009 -26"><span class='ocrx_word' id='word_1_1' title='bbox 281 90 284 98; x_wconf 85' lang='lat'>&#39;</span> <span class='ocrx_word' id='word_1_2' title='bbox 393 104 633 165; x_wconf 66' lang='lat' dir='ltr'>narramus</span> <span class='ocrx_word' id='word_1_3' title='bbox 658 106 744 164; x_wconf 74' lang='lat' dir='ltr'>rsa.</span> <span class='ocrx_word' id='word_1_4' title='bbox 780 106 811 164; x_wconf 82' lang='lat' dir='ltr'>V.</span> <span class='ocrx_word' id='word_1_5' title='bbox 1042 129 1097 187; x_wconf 80' lang='lat'>255</span> 
     </span>
    </p>
   </div>
   <div class='ocr_carea' id='block_1_2' title="bbox 87 231 912 312">
    <p class='ocr_par' dir='ltr' id='par_1_2' title="bbox 87 231 912 312">
     <span class='ocr_line' id='line_1_2' title="bbox 87 231 912 312; baseline 0.004 -21"><span class='ocrx_word' id='word_1_6' title='bbox 87 231 188 311; x_wconf 85' lang='lat' dir='ltr'>(Hac</span> <span class='ocrx_word' id='word_1_7' title='bbox 207 252 351 310; x_wconf 88' lang='lat' dir='ltr'>responsa</span> <span class='ocrx_word' id='word_1_8' title='bbox 371 235 472 306; x_wconf 86' lang='lat' dir='ltr'>dabat,</span> <span class='ocrx_word' id='word_1_9' title='bbox 493 235 541 294; x_wconf 89' lang='lat' dir='ltr'>vel</span> <span class='ocrx_word' id='word_1_10' title='bbox 561 253 638 310; x_wconf 87' lang='lat' dir='ltr'>quae</span> <span class='ocrx_word' id='word_1_11' title='bbox 658 235 850 312; x_wconf 88' lang='lat' dir='ltr'>portenderet</span> <span class='ocrx_word' id='word_1_12' title='bbox 869 233 912 295; x_wconf 85' lang='lat' dir='ltr'>ira</span> 
     </span>
    </p>
   </div>
   <div class='ocr_carea' id='block_1_3' title="bbox 86 315 1095 3448">
    <p class='ocr_par' dir='ltr' id='par_1_3' title="bbox 86 315 1095 1274">
     <span class='ocr_line' id='line_1_3' title="bbox 87 315 924 395; baseline 0.007 -25"><span class='ocrx_word' id='word_1_13' title='bbox 87 316 217 389; x_wconf 88' lang='lat' dir='ltr'>Magna</span> <span class='ocrx_word' id='word_1_14' title='bbox 237 315 336 385; x_wconf 88' lang='lat' dir='ltr'>deum,</span> <span class='ocrx_word' id='word_1_15' title='bbox 358 315 406 374; x_wconf 90' lang='lat' dir='ltr'>vel</span> <span class='ocrx_word' id='word_1_16' title='bbox 426 333 503 391; x_wconf 89' lang='lat' dir='ltr'>quae</span> <span class='ocrx_word' id='word_1_17' title='bbox 523 317 651 374; x_wconf 83' lang='lat' dir='ltr'>fatorum</span> <span class='ocrx_word' id='word_1_18' title='bbox 671 325 807 392; x_wconf 88' lang='lat' dir='ltr'>posceret</span> <span class='ocrx_word' id='word_1_19' title='bbox 826 315 924 395; x_wconf 82' lang='lat' dir='ltr'>ordo),</span> 
     </span>
     <span class='ocr_line' id='line_1_4' title="bbox 86 393 784 468; baseline 0.003 -16"><span class='ocrx_word' id='word_1_20' title='bbox 86 395 194 468; x_wconf 86' lang='lat' dir='ltr'>Isque</span> <span class='ocrx_word' id='word_1_21' title='bbox 216 393 261 453; x_wconf 91' lang='lat' dir='ltr'>his</span> <span class='ocrx_word' id='word_1_22' title='bbox 277 397 401 454; x_wconf 87' lang='lat' dir='ltr'>Aenean</span> <span class='ocrx_word' id='word_1_23' title='bbox 424 396 534 455; x_wconf 88' lang='lat' dir='ltr'>solatus</span> <span class='ocrx_word' id='word_1_24' title='bbox 556 395 679 455; x_wconf 84' lang='lat' dir='ltr'>vocibus</span> <span class='ocrx_word' id='word_1_25' title='bbox 702 395 784 455; x_wconf 90' lang='lat' dir='ltr'>infit:</span> 
     </span>
     <span class='ocr_line' id='line_1_5' title="bbox 90 475 1035 553; baseline 0.005 -22"><span class='ocrx_word' id='word_1_26' title='bbox 90 475 201 533; x_wconf 89' lang='lat' dir='ltr'>‘Nate</span> <span class='ocrx_word' id='word_1_27' title='bbox 226 475 290 546; x_wconf 90' lang='lat' dir='ltr'>dea,</span> <span class='ocrx_word' id='word_1_28' title='bbox 314 493 375 550; x_wconf 92' lang='lat' dir='ltr'>quo</span> <span class='ocrx_word' id='word_1_29' title='bbox 398 476 458 534; x_wconf 87' lang='lat' dir='ltr'>fata</span> <span class='ocrx_word' id='word_1_30' title='bbox 481 477 600 534; x_wconf 90' lang='lat' dir='ltr'>trahunt</span> <span class='ocrx_word' id='word_1_31' title='bbox 620 477 838 552; x_wconf 89' lang='lat' dir='ltr'>retrahuntque‚</span> <span class='ocrx_word' id='word_1_32' title='bbox 864 495 1035 553; x_wconf 85' lang='lat' dir='ltr'>sequamur:</span> 
     </span>
     <span class='ocr_line' id='line_1_6' title="bbox 88 553 1095 632; baseline 0.005 -21"><span class='ocrx_word' id='word_1_33' title='bbox 88 559 101 586; x_wconf 83' lang='lat'><strong>⁴</strong></span> <span class='ocrx_word' id='word_1_34' title='bbox 114 553 276 630; x_wconf 90' lang='lat' dir='ltr'>Quidquid</span> <span class='ocrx_word' id='word_1_35' title='bbox 298 555 360 625; x_wconf 88' lang='lat' dir='ltr'>erit,</span> <span class='ocrx_word' id='word_1_36' title='bbox 382 557 549 632; x_wconf 89' lang='lat' dir='ltr'>superanda</span> <span class='ocrx_word' id='word_1_37' title='bbox 569 557 667 615; x_wconf 89' lang='lat' dir='ltr'>omnis</span> <span class='ocrx_word' id='word_1_38' title='bbox 687 558 805 616; x_wconf 86' lang='lat' dir='ltr'>fortuna</span> <span class='ocrx_word' id='word_1_39' title='bbox 824 558 946 617; x_wconf 83' lang='lat' dir='ltr'>serendo</span> <span class='ocrx_word' id='word_1_40' title='bbox 967 568 1019 617; x_wconf 86' lang='lat' dir='ltr'>est.</span> <span class='ocrx_word' id='word_1_41' title='bbox 1038 574 1095 632; x_wconf 81' lang='lat'>710</span> 
     </span>
     <span class='ocr_line' id='line_1_7' title="bbox 90 633 859 712; baseline 0 -20"><span class='ocrx_word' id='word_1_42' title='bbox 90 635 174 693; x_wconf 86' lang='lat' dir='ltr'>‘Est</span> <span class='ocrx_word' id='word_1_43' title='bbox 197 633 252 694; x_wconf 87' lang='lat' dir='ltr'>tibi</span> <span class='ocrx_word' id='word_1_44' title='bbox 273 635 441 695; x_wconf 86' lang='lat' dir='ltr'>Dardanius</span> <span class='ocrx_word' id='word_1_45' title='bbox 461 635 579 696; x_wconf 89' lang='lat' dir='ltr'>divinae</span> <span class='ocrx_word' id='word_1_46' title='bbox 600 635 697 712; x_wconf 82' lang='lat' dir='ltr'><strong>stirpis</strong></span> <span class='ocrx_word' id='word_1_47' title='bbox 718 640 859 696; x_wconf 89' lang='lat' dir='ltr'>Acestes:</span> 
     </span>
     <span class='ocr_line' id='line_1_8' title="bbox 89 715 1002 794; baseline 0.004 -22"><span class='ocrx_word' id='word_1_48' title='bbox 89 717 214 773; x_wconf 90' lang='lat' dir='ltr'>‘Hunc</span> <span class='ocrx_word' id='word_1_49' title='bbox 233 734 307 791; x_wconf 89' lang='lat' dir='ltr'>cape</span> <span class='ocrx_word' id='word_1_50' title='bbox 328 715 459 775; x_wconf 89' lang='lat' dir='ltr'>consiliis</span> <span class='ocrx_word' id='word_1_51' title='bbox 479 717 594 776; x_wconf 90' lang='lat' dir='ltr'>socium</span> <span class='ocrx_word' id='word_1_52' title='bbox 615 727 644 776; x_wconf 95' lang='lat' dir='ltr'>et</span> <span class='ocrx_word' id='word_1_53' title='bbox 665 716 812 794; x_wconf 86' lang='lat' dir='ltr'>coniunge</span> <span class='ocrx_word' id='word_1_54' title='bbox 832 719 983 777; x_wconf 88' lang='lat' dir='ltr'>volentem</span> <span class='ocrx_word' id='word_1_55' title='bbox 993 742 1002 793; x_wconf 82' lang='lat'>3</span> 
     </span>
     <span class='ocr_line' id='line_1_9' title="bbox 91 794 988 875; baseline 0.007 -23"><span class='ocrx_word' id='word_1_56' title='bbox 91 794 204 853; x_wconf 88' lang='lat' dir='ltr'>‘Huic</span> <span class='ocrx_word' id='word_1_57' title='bbox 224 797 316 868; x_wconf 84' lang='lat' dir='ltr'>trade,</span> <span class='ocrx_word' id='word_1_58' title='bbox 337 795 453 856; x_wconf 90' lang='lat' dir='ltr'>amissis</span> <span class='ocrx_word' id='word_1_59' title='bbox 473 808 613 872; x_wconf 88' lang='lat' dir='ltr'>superant</span> <span class='ocrx_word' id='word_1_60' title='bbox 635 797 684 873; x_wconf 94' lang='lat' dir='ltr'>qui</span> <span class='ocrx_word' id='word_1_61' title='bbox 706 798 838 868; x_wconf 89' lang='lat' dir='ltr'>navibus,</span> <span class='ocrx_word' id='word_1_62' title='bbox 861 808 891 858; x_wconf 88' lang='lat' dir='ltr'>et</span> <span class='ocrx_word' id='word_1_63' title='bbox 912 818 988 875; x_wconf 91' lang='lat' dir='ltr'>quos</span> 
     </span>
     <span class='ocr_line' id='line_1_10' title="bbox 90 875 943 954; baseline 0.006 -22"><span class='ocrx_word' id='word_1_64' title='bbox 90 877 290 934; x_wconf 88' lang='lat' dir='ltr'>‘Pertaesum</span> <span class='ocrx_word' id='word_1_65' title='bbox 311 877 412 951; x_wconf 91' lang='lat' dir='ltr'>magni</span> <span class='ocrx_word' id='word_1_66' title='bbox 431 875 541 953; x_wconf 84' lang='lat' dir='ltr'>incepti</span> <span class='ocrx_word' id='word_1_67' title='bbox 562 896 719 954; x_wconf 87' lang='lat' dir='ltr'>rerumque</span> <span class='ocrx_word' id='word_1_68' title='bbox 738 888 854 937; x_wconf 87' lang='lat' dir='ltr'>tuarum</span> <span class='ocrx_word' id='word_1_69' title='bbox 879 888 924 938; x_wconf 91' lang='lat' dir='ltr'>est</span> <span class='ocrx_word' id='word_1_70' title='bbox 933 900 943 953; x_wconf 90' lang='lat'>;</span> 
     </span>
     <span class='ocr_line' id='line_1_11' title="bbox 91 957 1092 1036; baseline 0.003 -23"><span class='ocrx_word' id='word_1_71' title='bbox 91 957 352 1032; x_wconf 87' lang='lat' dir='ltr'>‘Longaevosque</span> <span class='ocrx_word' id='word_1_72' title='bbox 373 976 459 1016; x_wconf 86' lang='lat' dir='ltr'>senes</span> <span class='ocrx_word' id='word_1_73' title='bbox 479 977 515 1016; x_wconf 89' lang='lat' dir='ltr'>ac</span> <span class='ocrx_word' id='word_1_74' title='bbox 535 959 626 1016; x_wconf 84' lang='lat' dir='ltr'>fessas</span> <span class='ocrx_word' id='word_1_75' title='bbox 646 977 774 1033; x_wconf 85' lang='lat' dir='ltr'>aequore</span> <span class='ocrx_word' id='word_1_76' title='bbox 797 969 913 1029; x_wconf 89' lang='lat' dir='ltr'>matres,</span> <span class='ocrx_word' id='word_1_77' title='bbox 1037 976 1092 1036; x_wconf 83' lang='lat'>715</span> 
     </span>
     <span class='ocr_line' id='line_1_12' title="bbox 89 1035 1052 1114; baseline 0.003 -20"><span class='ocrx_word' id='word_1_78' title='bbox 89 1037 158 1094; x_wconf 86' lang='lat' dir='ltr'>‘Et</span> <span class='ocrx_word' id='word_1_79' title='bbox 180 1035 328 1114; x_wconf 92' lang='lat' dir='ltr'>quidquid</span> <span class='ocrx_word' id='word_1_80' title='bbox 352 1047 450 1096; x_wconf 88' lang='lat' dir='ltr'>tecum</span> <span class='ocrx_word' id='word_1_81' title='bbox 475 1037 637 1097; x_wconf 89' lang='lat' dir='ltr'>invalidum</span> <span class='ocrx_word' id='word_1_82' title='bbox 659 1049 853 1114; x_wconf 91' lang='lat' dir='ltr'>metuensque</span> <span class='ocrx_word' id='word_1_83' title='bbox 877 1038 979 1114; x_wconf 90' lang='lat' dir='ltr'>pericli</span> <span class='ocrx_word' id='word_1_84' title='bbox 1000 1050 1052 1110; x_wconf 89' lang='lat' dir='ltr'>est,</span> 
     </span>
     <span class='ocr_line' id='line_1_13' title="bbox 90 1116 934 1192; baseline 0.005 -18"><span class='ocrx_word' id='word_1_85' title='bbox 90 1116 232 1192; x_wconf 84' lang='lat' dir='ltr'>‘Delige‚</span> <span class='ocrx_word' id='word_1_86' title='bbox 254 1116 349 1176; x_wconf 89' lang='lat' dir='ltr'>ethis</span> <span class='ocrx_word' id='word_1_87' title='bbox 370 1118 499 1176; x_wconf 86' lang='lat' dir='ltr'>habeant</span> <span class='ocrx_word' id='word_1_88' title='bbox 520 1118 603 1177; x_wconf 88' lang='lat' dir='ltr'>terris</span> <span class='ocrx_word' id='word_1_89' title='bbox 624 1118 688 1178; x_wconf 89' lang='lat' dir='ltr'>siue</span> <span class='ocrx_word' id='word_1_90' title='bbox 708 1119 826 1179; x_wconf 89' lang='lat' dir='ltr'>moenia</span> <span class='ocrx_word' id='word_1_91' title='bbox 846 1118 934 1178; x_wconf 82' lang='lat' dir='ltr'>lessi:</span> 
     </span>
     <span class='ocr_line' id='line_1_14' title="bbox 91 1197 931 1274; baseline 0.002 -18"><span class='ocrx_word' id='word_1_92' title='bbox 91 1197 231 1256; x_wconf 88' lang='lat' dir='ltr'>‘Urbem</span> <span class='ocrx_word' id='word_1_93' title='bbox 253 1199 445 1274; x_wconf 87' lang='lat' dir='ltr'>appellabunt</span> <span class='ocrx_word' id='word_1_94' title='bbox 466 1198 610 1274; x_wconf 88' lang='lat' dir='ltr'>permisso</span> <span class='ocrx_word' id='word_1_95' title='bbox 630 1198 752 1258; x_wconf 90' lang='lat' dir='ltr'>nomine</span> <span class='ocrx_word' id='word_1_96' title='bbox 772 1200 931 1258; x_wconf 65' lang='lat' dir='ltr'>Acestam!</span> 
     </span>
    </p>

    <p class='ocr_par' dir='ltr' id='par_1_4' title="bbox 87 1277 1092 3448">
     <span class='ocr_line' id='line_1_15' title="bbox 135 1277 786 1339; baseline 0.002 -4"><span class='ocrx_word' id='word_1_97' title='bbox 135 1277 261 1337; x_wconf 86' lang='lat' dir='ltr'>Talibus</span> <span class='ocrx_word' id='word_1_98' title='bbox 285 1277 424 1337; x_wconf 90' lang='lat' dir='ltr'>incensus</span> <span class='ocrx_word' id='word_1_99' title='bbox 448 1279 535 1338; x_wconf 88' lang='lat' dir='ltr'>dictis</span> <span class='ocrx_word' id='word_1_100' title='bbox 556 1278 679 1339; x_wconf 77' lang='lat' dir='ltr'>senioris</span> <span class='ocrx_word' id='word_1_101' title='bbox 699 1278 786 1338; x_wconf 91' lang='lat' dir='ltr'>amici</span> 
     </span>
     <span class='ocr_line' id='line_1_16' title="bbox 88 1357 1092 1435; baseline -0.001 -17"><span class='ocrx_word' id='word_1_102' title='bbox 88 1361 176 1418; x_wconf 92' lang='lat' dir='ltr'>Tum</span> <span class='ocrx_word' id='word_1_103' title='bbox 197 1377 266 1418; x_wconf 89' lang='lat' dir='ltr'>vero</span> <span class='ocrx_word' id='word_1_104' title='bbox 287 1357 318 1417; x_wconf 91' lang='lat' dir='ltr'>in</span> <span class='ocrx_word' id='word_1_105' title='bbox 339 1377 423 1418; x_wconf 89' lang='lat' dir='ltr'>curas</span> <span class='ocrx_word' id='word_1_106' title='bbox 442 1358 575 1419; x_wconf 91' lang='lat' dir='ltr'>animum</span> <span class='ocrx_word' id='word_1_107' title='bbox 596 1358 746 1420; x_wconf 87' lang='lat' dir='ltr'>diducitur</span> <span class='ocrx_word' id='word_1_108' title='bbox 765 1378 877 1420; x_wconf 91' lang='lat' dir='ltr'>omnes.</span> <span class='ocrx_word' id='word_1_109' title='bbox 1035 1375 1092 1435; x_wconf 85' lang='lat'>720</span> 
     </span>
     <span class='ocr_line' id='line_1_17' title="bbox 88 1440 838 1515; baseline 0.004 -19"><span class='ocrx_word' id='word_1_110' title='bbox 88 1440 134 1496; x_wconf 90' lang='lat' dir='ltr'>Et</span> <span class='ocrx_word' id='word_1_111' title='bbox 157 1441 228 1497; x_wconf 88' lang='lat' dir='ltr'>Nox</span> <span class='ocrx_word' id='word_1_112' title='bbox 247 1448 309 1498; x_wconf 89' lang='lat' dir='ltr'>atra</span> <span class='ocrx_word' id='word_1_113' title='bbox 329 1440 431 1515; x_wconf 90' lang='lat' dir='ltr'>polum</span> <span class='ocrx_word' id='word_1_114' title='bbox 452 1440 528 1515; x_wconf 87' lang='lat' dir='ltr'>bigis</span> <span class='ocrx_word' id='word_1_115' title='bbox 549 1441 691 1500; x_wconf 88' lang='lat' dir='ltr'>subvecta</span> <span class='ocrx_word' id='word_1_116' title='bbox 710 1442 838 1500; x_wconf 90' lang='lat' dir='ltr'>tenebat.</span> 
     </span>
     <span class='ocr_line' id='line_1_18' title="bbox 87 1518 802 1597; baseline 0.007 -22"><span class='ocrx_word' id='word_1_117' title='bbox 87 1518 168 1578; x_wconf 90' lang='lat' dir='ltr'>Visa</span> <span class='ocrx_word' id='word_1_118' title='bbox 190 1519 299 1577; x_wconf 90' lang='lat' dir='ltr'>dehinc</span> <span class='ocrx_word' id='word_1_119' title='bbox 319 1521 402 1579; x_wconf 90' lang='lat' dir='ltr'>caelo</span> <span class='ocrx_word' id='word_1_120' title='bbox 423 1520 512 1580; x_wconf 78' lang='lat' dir='ltr'>facies</span> <span class='ocrx_word' id='word_1_121' title='bbox 532 1521 653 1596; x_wconf 90' lang='lat' dir='ltr'>delapsa</span> <span class='ocrx_word' id='word_1_122' title='bbox 673 1520 802 1597; x_wconf 88' lang='lat' dir='ltr'>parentis</span> 
     </span>
     <span class='ocr_line' id='line_1_19' title="bbox 87 1598 756 1661; baseline 0.004 -4"><span class='ocrx_word' id='word_1_123' title='bbox 87 1598 245 1658; x_wconf 84' lang='lat' dir='ltr'>Anchisae</span> <span class='ocrx_word' id='word_1_124' title='bbox 265 1600 364 1659; x_wconf 90' lang='lat' dir='ltr'>subito</span> <span class='ocrx_word' id='word_1_125' title='bbox 384 1601 457 1660; x_wconf 88' lang='lat' dir='ltr'>tales</span> <span class='ocrx_word' id='word_1_126' title='bbox 479 1602 630 1661; x_wconf 87' lang='lat' dir='ltr'>effundere</span> <span class='ocrx_word' id='word_1_127' title='bbox 650 1621 756 1661; x_wconf 85' lang='lat' dir='ltr'>voces:</span> 
     </span>
     <span class='ocr_line' id='line_1_20' title="bbox 90 1678 907 1757; baseline 0.006 -20"><span class='ocrx_word' id='word_1_128' title='bbox 90 1681 202 1750; x_wconf 88' lang='lat' dir='ltr'>‘Nate,</span> <span class='ocrx_word' id='word_1_129' title='bbox 224 1678 297 1738; x_wconf 89' lang='lat' dir='ltr'>mihi</span> <span class='ocrx_word' id='word_1_130' title='bbox 317 1680 377 1740; x_wconf 89' lang='lat' dir='ltr'>vita</span> <span class='ocrx_word' id='word_1_131' title='bbox 397 1683 557 1757; x_wconf 89' lang='lat' dir='ltr'>quondam,</span> <span class='ocrx_word' id='word_1_132' title='bbox 579 1682 651 1745; x_wconf 86' lang='lat' dir='ltr'>dum</span> <span class='ocrx_word' id='word_1_133' title='bbox 675 1681 735 1741; x_wconf 88' lang='lat' dir='ltr'>vita</span> <span class='ocrx_word' id='word_1_134' title='bbox 759 1683 907 1756; x_wconf 87' lang='lat' dir='ltr'>manebat,</span> 
     </span>
     <span class='ocr_line' id='line_1_21' title="bbox 89 1760 1088 1839; baseline 0 -19"><span class='ocrx_word' id='word_1_135' title='bbox 89 1761 190 1820; x_wconf 88' lang='lat' dir='ltr'>‘Care</span> <span class='ocrx_word' id='word_1_136' title='bbox 206 1760 312 1835; x_wconf 87' lang='lat' dir='ltr'>magis,</span> <span class='ocrx_word' id='word_1_137' title='bbox 337 1771 412 1832; x_wconf 87' lang='lat' dir='ltr'>nate,</span> <span class='ocrx_word' id='word_1_138' title='bbox 435 1761 534 1820; x_wconf 83' lang='lat' dir='ltr'>Iliacis</span> <span class='ocrx_word' id='word_1_139' title='bbox 555 1762 681 1822; x_wconf 88' lang='lat' dir='ltr'>exercite</span> <span class='ocrx_word' id='word_1_140' title='bbox 701 1761 776 1836; x_wconf 85' lang='lat' dir='ltr'>fatis,</span> <span class='ocrx_word' id='word_1_141' title='bbox 1034 1779 1088 1839; x_wconf 85' lang='lat'>725</span> 
     </span>
     <span class='ocr_line' id='line_1_22' title="bbox 90 1839 907 1918; baseline 0.006 -20"><span class='ocrx_word' id='word_1_142' title='bbox 90 1839 245 1916; x_wconf 89' lang='lat' dir='ltr'>‘Imperio</span> <span class='ocrx_word' id='word_1_143' title='bbox 270 1841 350 1900; x_wconf 89' lang='lat' dir='ltr'>Iovis</span> <span class='ocrx_word' id='word_1_144' title='bbox 374 1843 433 1900; x_wconf 94' lang='lat' dir='ltr'>huc</span> <span class='ocrx_word' id='word_1_145' title='bbox 455 1842 552 1916; x_wconf 89' lang='lat' dir='ltr'>venio,</span> <span class='ocrx_word' id='word_1_146' title='bbox 574 1842 626 1918; x_wconf 90' lang='lat' dir='ltr'>qui</span> <span class='ocrx_word' id='word_1_147' title='bbox 646 1842 787 1903; x_wconf 87' lang='lat' dir='ltr'>classibus</span> <span class='ocrx_word' id='word_1_148' title='bbox 809 1844 907 1918; x_wconf 85' lang='lat' dir='ltr'>ignem</span> 
     </span>
     <span class='ocr_line' id='line_1_23' title="bbox 90 1919 944 1996; baseline 0.005 -17"><span class='ocrx_word' id='word_1_149' title='bbox 90 1919 246 1996; x_wconf 88' lang='lat' dir='ltr'>‘Depulit‚</span> <span class='ocrx_word' id='word_1_150' title='bbox 268 1931 299 1980; x_wconf 91' lang='lat' dir='ltr'>et</span> <span class='ocrx_word' id='word_1_151' title='bbox 319 1923 403 1982; x_wconf 92' lang='lat' dir='ltr'>caelo</span> <span class='ocrx_word' id='word_1_152' title='bbox 424 1922 545 1982; x_wconf 90' lang='lat' dir='ltr'>tandem</span> <span class='ocrx_word' id='word_1_153' title='bbox 569 1922 722 1982; x_wconf 89' lang='lat' dir='ltr'>miseratus</span> <span class='ocrx_word' id='word_1_154' title='bbox 746 1924 784 1983; x_wconf 88' lang='lat' dir='ltr'>ab</span> <span class='ocrx_word' id='word_1_155' title='bbox 807 1926 868 1982; x_wconf 88' lang='lat' dir='ltr'>alto</span> <span class='ocrx_word' id='word_1_156' title='bbox 892 1933 944 1983; x_wconf 90' lang='lat' dir='ltr'>est.</span> 
     </span>
     <span class='ocr_line' id='line_1_24' title="bbox 90 1999 913 2080; baseline 0.002 -19"><span class='ocrx_word' id='word_1_157' title='bbox 90 1999 253 2061; x_wconf 90' lang='lat' dir='ltr'>‘Consiliis</span> <span class='ocrx_word' id='word_1_158' title='bbox 276 2020 356 2078; x_wconf 87' lang='lat' dir='ltr'>pare,</span> <span class='ocrx_word' id='word_1_159' title='bbox 379 2021 456 2077; x_wconf 90' lang='lat' dir='ltr'>quae</span> <span class='ocrx_word' id='word_1_160' title='bbox 479 2021 558 2061; x_wconf 92' lang='lat' dir='ltr'>nune</span> <span class='ocrx_word' id='word_1_161' title='bbox 581 2003 776 2080; x_wconf 87' lang='lat' dir='ltr'>pulcherrima</span> <span class='ocrx_word' id='word_1_162' title='bbox 798 2006 913 2063; x_wconf 86' lang='lat' dir='ltr'>Nautes</span> 
     </span>
     <span class='ocr_line' id='line_1_25' title="bbox 89 2080 894 2155; baseline 0.002 -16"><span class='ocrx_word' id='word_1_163' title='bbox 89 2083 178 2139; x_wconf 88' lang='lat' dir='ltr'>‘Dat</span> <span class='ocrx_word' id='word_1_164' title='bbox 201 2080 316 2142; x_wconf 89' lang='lat' dir='ltr'>senior:</span> <span class='ocrx_word' id='word_1_165' title='bbox 344 2083 437 2142; x_wconf 90' lang='lat' dir='ltr'>lectos</span> <span class='ocrx_word' id='word_1_166' title='bbox 461 2082 590 2155; x_wconf 87' lang='lat' dir='ltr'>iuvenes,</span> <span class='ocrx_word' id='word_1_167' title='bbox 615 2083 774 2143; x_wconf 82' lang='lat' dir='ltr'>fortissima</span> <span class='ocrx_word' id='word_1_168' title='bbox 795 2084 894 2153; x_wconf 86' lang='lat' dir='ltr'>corda,</span> 
     </span>
     <span class='ocr_line' id='line_1_26' title="bbox 90 2161 1088 2240; baseline -0.001 -19"><span class='ocrx_word' id='word_1_169' title='bbox 90 2163 207 2221; x_wconf 86' lang='lat' dir='ltr'>‘Defer</span> <span class='ocrx_word' id='word_1_170' title='bbox 230 2161 261 2220; x_wconf 92' lang='lat' dir='ltr'>in</span> <span class='ocrx_word' id='word_1_171' title='bbox 286 2162 423 2221; x_wconf 83' lang='lat' dir='ltr'>Italiam:</span> <span class='ocrx_word' id='word_1_172' title='bbox 454 2182 526 2240; x_wconf 85' lang='lat' dir='ltr'>gens</span> <span class='ocrx_word' id='word_1_173' title='bbox 547 2165 621 2223; x_wconf 88' lang='lat' dir='ltr'>dura</span> <span class='ocrx_word' id='word_1_174' title='bbox 640 2175 730 2239; x_wconf 90' lang='lat' dir='ltr'>atque</span> <span class='ocrx_word' id='word_1_175' title='bbox 753 2183 857 2240; x_wconf 88' lang='lat' dir='ltr'>aspera</span> <span class='ocrx_word' id='word_1_176' title='bbox 875 2164 955 2221; x_wconf 90' lang='lat' dir='ltr'>cultu</span> <span class='ocrx_word' id='word_1_177' title='bbox 1031 2180 1088 2238; x_wconf 86' lang='lat'>730</span> 
     </span>
     <span class='ocr_line' id='line_1_27' title="bbox 90 2242 888 2304; baseline 0.003 -4"><span class='ocrx_word' id='word_1_178' title='bbox 90 2243 301 2302; x_wconf 88' lang='lat' dir='ltr'>‘Debellauda</span> <span class='ocrx_word' id='word_1_179' title='bbox 321 2242 376 2302; x_wconf 90' lang='lat' dir='ltr'>tibi</span> <span class='ocrx_word' id='word_1_180' title='bbox 396 2244 482 2302; x_wconf 85' lang='lat' dir='ltr'>Latio</span> <span class='ocrx_word' id='word_1_181' title='bbox 503 2254 556 2304; x_wconf 77' lang='lat' dir='ltr'>est</span> <span class='ocrx_word' id='word_1_182' title='bbox 599 2243 678 2304; x_wconf 90' lang='lat' dir='ltr'>Ditis</span> <span class='ocrx_word' id='word_1_183' title='bbox 698 2255 799 2304; x_wconf 89' lang='lat' dir='ltr'>tamen</span> <span class='ocrx_word' id='word_1_184' title='bbox 819 2254 888 2303; x_wconf 89' lang='lat' dir='ltr'>ante</span> 
     </span>
     <span class='ocr_line' id='line_1_28' title="bbox 90 2323 853 2402; baseline 0.005 -22"><span class='ocrx_word' id='word_1_185' title='bbox 90 2323 246 2381; x_wconf 84' lang='lat' dir='ltr'>‘Infernas</span> <span class='ocrx_word' id='word_1_186' title='bbox 266 2325 377 2382; x_wconf 88' lang='lat' dir='ltr'>accede</span> <span class='ocrx_word' id='word_1_187' title='bbox 397 2324 512 2396; x_wconf 90' lang='lat' dir='ltr'>domos,</span> <span class='ocrx_word' id='word_1_188' title='bbox 534 2334 564 2384; x_wconf 90' lang='lat' dir='ltr'>et</span> <span class='ocrx_word' id='word_1_189' title='bbox 584 2328 703 2384; x_wconf 89' lang='lat' dir='ltr'>Averna</span> <span class='ocrx_word' id='word_1_190' title='bbox 722 2344 775 2402; x_wconf 90' lang='lat' dir='ltr'>per</span> <span class='ocrx_word' id='word_1_191' title='bbox 795 2327 853 2384; x_wconf 87' lang='lat' dir='ltr'>alta</span> 
     </span>
     <span class='ocr_line' id='line_1_29' title="bbox 92 2405 1063 2483; baseline 0.003 -20"><span class='ocrx_word' id='word_1_192' title='bbox 92 2405 295 2478; x_wconf 90' lang='lat' dir='ltr'>‘Congressus</span> <span class='ocrx_word' id='word_1_193' title='bbox 315 2414 392 2480; x_wconf 89' lang='lat' dir='ltr'>pete,</span> <span class='ocrx_word' id='word_1_194' title='bbox 418 2414 496 2476; x_wconf 88' lang='lat' dir='ltr'>nate,</span> <span class='ocrx_word' id='word_1_195' title='bbox 518 2424 610 2465; x_wconf 92' lang='lat' dir='ltr'>meos.</span> <span class='ocrx_word' id='word_1_196' title='bbox 654 2408 725 2464; x_wconf 93' lang='lat' dir='ltr'>Non</span> <span class='ocrx_word' id='word_1_197' title='bbox 749 2425 797 2466; x_wconf 90' lang='lat' dir='ltr'>me</span> <span class='ocrx_word' id='word_1_198' title='bbox 821 2405 913 2483; x_wconf 88' lang='lat' dir='ltr'>impia</span> <span class='ocrx_word' id='word_1_199' title='bbox 936 2423 1063 2481; x_wconf 85' lang='lat' dir='ltr'>namque</span> 
     </span>
     <span class='ocr_line' id='line_1_30' title="bbox 91 2483 1033 2563; baseline 0.003 -22"><span class='ocrx_word' id='word_1_200' title='bbox 91 2487 233 2542; x_wconf 87' lang='lat' dir='ltr'>‘Tartara</span> <span class='ocrx_word' id='word_1_201' title='bbox 255 2485 366 2543; x_wconf 91' lang='lat' dir='ltr'>habent</span> <span class='ocrx_word' id='word_1_202' title='bbox 386 2483 519 2544; x_wconf 89' lang='lat' dir='ltr'>tristesve</span> <span class='ocrx_word' id='word_1_203' title='bbox 540 2487 660 2546; x_wconf 89' lang='lat' dir='ltr'>umbrae</span> <span class='ocrx_word' id='word_1_204' title='bbox 670 2505 680 2559; x_wconf 80' lang='lat'>3</span> <span class='ocrx_word' id='word_1_205' title='bbox 699 2487 750 2546; x_wconf 91' lang='lat' dir='ltr'>sed</span> <span class='ocrx_word' id='word_1_206' title='bbox 772 2506 899 2546; x_wconf 88' lang='lat' dir='ltr'>amoena</span> <span class='ocrx_word' id='word_1_207' title='bbox 918 2485 1033 2563; x_wconf 91' lang='lat' dir='ltr'>piorum</span> 
     </span>
     <span class='ocr_line' id='line_1_31' title="bbox 91 2563 1084 2646; baseline 0.005 -23"><span class='ocrx_word' id='word_1_208' title='bbox 91 2563 247 2624; x_wconf 87' lang='lat' dir='ltr'>‘Concilia</span> <span class='ocrx_word' id='word_1_209' title='bbox 269 2564 461 2641; x_wconf 89' lang='lat' dir='ltr'>Elysiumque</span> <span class='ocrx_word' id='word_1_210' title='bbox 483 2567 558 2625; x_wconf 93' lang='lat' dir='ltr'>colo.</span> <span class='ocrx_word' id='word_1_211' title='bbox 603 2568 675 2625; x_wconf 90' lang='lat' dir='ltr'>Huc</span> <span class='ocrx_word' id='word_1_212' title='bbox 696 2577 777 2626; x_wconf 87' lang='lat' dir='ltr'>casta</span> <span class='ocrx_word' id='word_1_213' title='bbox 798 2566 908 2644; x_wconf 90' lang='lat' dir='ltr'>Sibylla</span> <span class='ocrx_word' id='word_1_214' title='bbox 1030 2585 1084 2646; x_wconf 84' lang='lat'>735</span> 
     </span>
     <span class='ocr_line' id='line_1_32' title="bbox 93 2642 900 2724; baseline 0.005 -22"><span class='ocrx_word' id='word_1_215' title='bbox 93 2642 268 2720; x_wconf 87' lang='lat' dir='ltr'>‘Nigrarum</span> <span class='ocrx_word' id='word_1_216' title='bbox 293 2646 387 2705; x_wconf 90' lang='lat' dir='ltr'>multo</span> <span class='ocrx_word' id='word_1_217' title='bbox 408 2646 559 2721; x_wconf 89' lang='lat' dir='ltr'>pecudum</span> <span class='ocrx_word' id='word_1_218' title='bbox 583 2657 613 2705; x_wconf 88' lang='lat' dir='ltr'>te</span> <span class='ocrx_word' id='word_1_219' title='bbox 637 2647 779 2724; x_wconf 88' lang='lat' dir='ltr'>sanguine</span> <span class='ocrx_word' id='word_1_220' title='bbox 803 2648 900 2708; x_wconf 90' lang='lat' dir='ltr'>ducet.</span> 
     </span>
     <span class='ocr_line' id='line_1_33' title="bbox 93 2726 1084 2802; baseline 0.006 -20"><span class='ocrx_word' id='word_1_221' title='bbox 93 2726 191 2783; x_wconf 90' lang='lat' dir='ltr'>‘Tum</span> <span class='ocrx_word' id='word_1_222' title='bbox 211 2743 304 2801; x_wconf 86' lang='lat' dir='ltr'>genus</span> <span class='ocrx_word' id='word_1_223' title='bbox 323 2744 412 2784; x_wconf 90' lang='lat' dir='ltr'>omne</span> <span class='ocrx_word' id='word_1_224' title='bbox 436 2735 529 2799; x_wconf 83' lang='lat' dir='ltr'>tuum,</span> <span class='ocrx_word' id='word_1_225' title='bbox 552 2736 590 2797; x_wconf 90' lang='lat' dir='ltr'>et,</span> <span class='ocrx_word' id='word_1_226' title='bbox 605 2745 683 2802; x_wconf 90' lang='lat' dir='ltr'>quae</span> <span class='ocrx_word' id='word_1_227' title='bbox 705 2728 813 2786; x_wconf 89' lang='lat' dir='ltr'>dentur</span> <span class='ocrx_word' id='word_1_228' title='bbox 832 2726 959 2802; x_wconf 87' lang='lat' dir='ltr'>moenia,</span> <span class='ocrx_word' id='word_1_229' title='bbox 981 2728 1084 2788; x_wconf 88' lang='lat' dir='ltr'>disces.</span> 
     </span>
     <span class='ocr_line' id='line_1_34' title="bbox 93 2805 974 2882; baseline 0.005 -18"><span class='ocrx_word' id='word_1_230' title='bbox 93 2807 235 2881; x_wconf 87' lang='lat' dir='ltr'>‘Iamque</span> <span class='ocrx_word' id='word_1_231' title='bbox 256 2805 338 2865; x_wconf 86' lang='lat' dir='ltr'>vale:</span> <span class='ocrx_word' id='word_1_232' title='bbox 359 2816 477 2882; x_wconf 90' lang='lat' dir='ltr'>torquet</span> <span class='ocrx_word' id='word_1_233' title='bbox 498 2806 613 2866; x_wconf 88' lang='lat' dir='ltr'>medios</span> <span class='ocrx_word' id='word_1_234' title='bbox 633 2809 704 2866; x_wconf 88' lang='lat' dir='ltr'>Nox</span> <span class='ocrx_word' id='word_1_235' title='bbox 722 2807 845 2866; x_wconf 89' lang='lat' dir='ltr'>humida</span> <span class='ocrx_word' id='word_1_236' title='bbox 865 2828 974 2880; x_wconf 89' lang='lat' dir='ltr'>cursus,</span> 
     </span>
     <span class='ocr_line' id='line_1_35' title="bbox 95 2885 879 2962; baseline 0.004 -18"><span class='ocrx_word' id='word_1_237' title='bbox 95 2887 149 2944; x_wconf 87' lang='lat' dir='ltr'>‘Et</span> <span class='ocrx_word' id='word_1_238' title='bbox 173 2904 222 2944; x_wconf 89' lang='lat' dir='ltr'>me</span> <span class='ocrx_word' id='word_1_239' title='bbox 249 2904 352 2945; x_wconf 89' lang='lat' dir='ltr'>saevus</span> <span class='ocrx_word' id='word_1_240' title='bbox 371 2885 455 2962; x_wconf 90' lang='lat' dir='ltr'>equis</span> <span class='ocrx_word' id='word_1_241' title='bbox 480 2885 586 2946; x_wconf 86' lang='lat' dir='ltr'>Oriens</span> <span class='ocrx_word' id='word_1_242' title='bbox 608 2885 728 2946; x_wconf 89' lang='lat' dir='ltr'>adflavit</span> <span class='ocrx_word' id='word_1_243' title='bbox 747 2887 879 2947; x_wconf 69' lang='lat' dir='ltr'>anhelis!</span> 
     </span>
     <span class='ocr_line' id='line_1_36' title="bbox 94 2965 1085 3046; baseline 0.004 -22"><span class='ocrx_word' id='word_1_244' title='bbox 94 2965 228 3025; x_wconf 85' lang='lat' dir='ltr'>Dixerat:</span> <span class='ocrx_word' id='word_1_245' title='bbox 256 2975 285 3024; x_wconf 90' lang='lat' dir='ltr'>et</span> <span class='ocrx_word' id='word_1_246' title='bbox 307 2976 411 3026; x_wconf 92' lang='lat' dir='ltr'>tenues</span> <span class='ocrx_word' id='word_1_247' title='bbox 436 2966 509 3044; x_wconf 81' lang='lat' dir='ltr'>sugit</span> <span class='ocrx_word' id='word_1_248' title='bbox 532 2986 587 3027; x_wconf 88' lang='lat' dir='ltr'>ceu</span> <span class='ocrx_word' id='word_1_249' title='bbox 609 2968 707 3026; x_wconf 87' lang='lat' dir='ltr'>fumus</span> <span class='ocrx_word' id='word_1_250' title='bbox 728 2965 759 3024; x_wconf 93' lang='lat' dir='ltr'>in</span> <span class='ocrx_word' id='word_1_251' title='bbox 783 2985 876 3027; x_wconf 85' lang='lat' dir='ltr'>auras.</span> <span class='ocrx_word' id='word_1_252' title='bbox 1027 2988 1085 3046; x_wconf 87' lang='lat'>740</span> 
     </span>
     <span class='ocr_line' id='line_1_37' title="bbox 92 3045 963 3127; baseline 0.007 -23"><span class='ocrx_word' id='word_1_253' title='bbox 92 3049 216 3117; x_wconf 88' lang='lat' dir='ltr'>Aeneas,</span> <span class='ocrx_word' id='word_1_254' title='bbox 243 3046 332 3120; x_wconf 89' lang='lat' dir='ltr'>‘Quo</span> <span class='ocrx_word' id='word_1_255' title='bbox 354 3046 464 3106; x_wconf 89' lang='lat' dir='ltr'>deinde</span> <span class='ocrx_word' id='word_1_256' title='bbox 487 3046 569 3106; x_wconf 88' lang='lat' dir='ltr'>ruis?</span> <span class='ocrx_word' id='word_1_257' title='bbox 599 3066 661 3123; x_wconf 92' lang='lat' dir='ltr'>quo</span> <span class='ocrx_word' id='word_1_258' title='bbox 682 3045 808 3123; x_wconf 89' lang='lat' dir='ltr'>proripis</span> <span class='ocrx_word' id='word_1_259' title='bbox 816 3050 838 3106; x_wconf 77' lang='lat' dir='ltr'>l&#39;</span> <span class='ocrx_word' id='word_1_260' title='bbox 858 3048 963 3127; x_wconf 89' lang='lat' dir='ltr'>inquit,</span> 
     </span>
     <span class='ocr_line' id='line_1_38' title="bbox 94 3125 1037 3204; baseline 0.006 -20"><span class='ocrx_word' id='word_1_261' title='bbox 94 3128 208 3201; x_wconf 86' lang='lat' dir='ltr'>‘Quem</span> <span class='ocrx_word' id='word_1_262' title='bbox 228 3125 326 3202; x_wconf 86' lang='lat' dir='ltr'>fugis?</span> <span class='ocrx_word' id='word_1_263' title='bbox 352 3136 403 3185; x_wconf 89' lang='lat' dir='ltr'>aut</span> <span class='ocrx_word' id='word_1_264' title='bbox 427 3126 494 3202; x_wconf 89' lang='lat' dir='ltr'>quis</span> <span class='ocrx_word' id='word_1_265' title='bbox 517 3138 547 3188; x_wconf 88' lang='lat' dir='ltr'>te</span> <span class='ocrx_word' id='word_1_266' title='bbox 570 3127 676 3187; x_wconf 90' lang='lat' dir='ltr'>nostris</span> <span class='ocrx_word' id='word_1_267' title='bbox 700 3128 905 3204; x_wconf 90' lang='lat' dir='ltr'>complexibus</span> <span class='ocrx_word' id='word_1_268' title='bbox 928 3142 1007 3193; x_wconf 91' lang='lat' dir='ltr'>arcet</span> <span class='ocrx_word' id='word_1_269' title='bbox 1016 3131 1037 3190; x_wconf 81' lang='lat'>?’</span> 
     </span>
     <span class='ocr_line' id='line_1_39' title="bbox 94 3206 977 3288; baseline 0.007 -24"><span class='ocrx_word' id='word_1_270' title='bbox 94 3209 179 3265; x_wconf 90' lang='lat' dir='ltr'>Haec</span> <span class='ocrx_word' id='word_1_271' title='bbox 200 3225 367 3265; x_wconf 87' lang='lat' dir='ltr'>memorans</span> <span class='ocrx_word' id='word_1_272' title='bbox 390 3206 519 3266; x_wconf 87' lang='lat' dir='ltr'>cinerem</span> <span class='ocrx_word' id='word_1_273' title='bbox 544 3217 574 3266; x_wconf 94' lang='lat' dir='ltr'>et</span> <span class='ocrx_word' id='word_1_274' title='bbox 596 3207 708 3284; x_wconf 91' lang='lat' dir='ltr'>sopitos</span> <span class='ocrx_word' id='word_1_275' title='bbox 733 3208 853 3269; x_wconf 88' lang='lat' dir='ltr'>suscitat</span> <span class='ocrx_word' id='word_1_276' title='bbox 875 3210 977 3288; x_wconf 85' lang='lat' dir='ltr'>ignes;</span> 
     </span>
     <span class='ocr_line' id='line_1_40' title="bbox 94 3287 948 3364; baseline 0.006 -18"><span class='ocrx_word' id='word_1_277' title='bbox 94 3289 344 3363; x_wconf 88' lang='lat' dir='ltr'>Pergameumque</span> <span class='ocrx_word' id='word_1_278' title='bbox 366 3287 471 3346; x_wconf 89' lang='lat' dir='ltr'>Larem</span> <span class='ocrx_word' id='word_1_279' title='bbox 491 3298 520 3347; x_wconf 91' lang='lat' dir='ltr'>et</span> <span class='ocrx_word' id='word_1_280' title='bbox 542 3307 634 3348; x_wconf 89' lang='lat' dir='ltr'>canae</span> <span class='ocrx_word' id='word_1_281' title='bbox 656 3289 817 3364; x_wconf 89' lang='lat' dir='ltr'>penetralia</span> <span class='ocrx_word' id='word_1_282' title='bbox 838 3293 948 3351; x_wconf 88' lang='lat' dir='ltr'>Vestae</span> 
     </span>
     <span class='ocr_line' id='line_1_41' title="bbox 94 3366 1081 3448; baseline 0.002 -20"><span class='ocrx_word' id='word_1_283' title='bbox 94 3370 177 3428; x_wconf 86' lang='lat' dir='ltr'>Farre</span> <span class='ocrx_word' id='word_1_284' title='bbox 200 3366 252 3443; x_wconf 88' lang='lat' dir='ltr'>pio</span> <span class='ocrx_word' id='word_1_285' title='bbox 276 3376 306 3426; x_wconf 93' lang='lat' dir='ltr'>et</span> <span class='ocrx_word' id='word_1_286' title='bbox 327 3368 416 3442; x_wconf 90' lang='lat' dir='ltr'>plena</span> <span class='ocrx_word' id='word_1_287' title='bbox 437 3369 563 3444; x_wconf 89' lang='lat' dir='ltr'>supplex</span> <span class='ocrx_word' id='word_1_288' title='bbox 590 3380 744 3428; x_wconf 88' lang='lat' dir='ltr'>veneratur</span> <span class='ocrx_word' id='word_1_289' title='bbox 765 3388 871 3429; x_wconf 90' lang='lat' dir='ltr'>acerra.</span> <span class='ocrx_word' id='word_1_290' title='bbox 1027 3389 1081 3448; x_wconf 82' lang='lat'>745</span> 
     </span>
    </p>
   </div>
   <div class='ocr_carea' id='block_1_4' title="bbox 0 0 1242 3686">
    <p class='ocr_par' dir='ltr' id='par_1_5' title="bbox 0 0 1242 3686">
     <span class='ocr_line' id='line_1_42' title="bbox 0 0 1242 3686; baseline 0 0"><span class='ocrx_word' id='word_1_291' title='bbox 0 0 1242 3686; x_wconf 95' lang='lat' dir='ltr'> </span> 
     </span>
    </p>
   </div>
  </div>
 </body>
</html>
