2460 3686
147 85 205 138 224
395 61 430 118 P.
462 59 882 119 remurmuremus

146 204 286 266 Tunibus
307 215 356 266 aut
376 205 451 278 altis,
472 216 502 265 et
522 223 643 281 magnas
664 203 775 264 territat
794 205 890 276 urbes,
965 263 968 272 ,

147 286 223 343 Tam
243 286 303 346 ficti
324 285 464 362 pravique
484 296 571 344 tenax
591 304 681 360 quam
701 285 806 344 nuntia
824 285 892 344 veri.

149 366 235 424 Haec
256 376 316 424 tum
338 364 493 441 multiplici
513 366 638 440 populos
659 383 794 424 sermone
814 365 948 440 replebat
1205 417 1206 434 2

148 445 288 503 Gaudens
309 456 339 504 et
358 443 466 520 pariter
486 446 563 504 facta
581 455 671 520 atque
691 444 800 504 infecta
818 445 961 504 canebat:
1089 463 1147 518 190
1205 437 1206 484 l

147 523 272 583 Venisse
292 527 424 597 Aenean,
448 524 578 583 Troiano
598 543 616 581 a
637 524 779 599 sanguine
799 535 920 595 cretum,

148 602 205 662 Cui
226 622 257 662 se
278 604 398 679 pulchra
418 603 479 663 viro
500 604 635 680 dignetur
655 604 774 679 iungere
796 604 878 663 Dido
888 625 897 676 3

148 683 237 741 Nunc
257 683 384 741 hiemem
405 681 481 742 inter
502 703 532 743 se
554 685 631 747 luxu,
652 702 742 758 quam
763 684 860 759 longa,
883 686 991 754 fovere,

149 763 320 836 Regnorum
340 763 518 822 inmemores
538 763 673 838 turpique
695 763 834 838 cupidine
855 773 965 839 captos,

149 842 235 899 Haec
256 841 362 916 passim
384 844 441 901 dea
460 844 548 902 foeda
567 843 660 908 virum
681 842 821 902 diffundit
841 843 871 901 in
892 861 951 902 ora
1089 859 1142 918 195

149 920 285 980 Protinus
305 923 343 981 ad
364 940 461 997 regem
483 941 583 981 cursus
604 924 759 997 detorquet
781 924 896 993 Iarban,

149 994 344 1076 Incenditque
364 1002 496 1060 animum
517 1001 612 1068 dictis,
632 1013 720 1076 atque
740 1014 858 1078 aggerat
878 1002 942 1061 iras.

189 1079 249 1138 Hic
272 1083 443 1140 Hammone
464 1092 552 1152 satus,
574 1093 657 1157 rapta
677 1082 886 1140 Garamantide
906 1083 1061 1158 Nympha,

148 1159 274 1235 Templa
294 1160 360 1220 Iovi
380 1172 499 1220 centum
518 1160 584 1220 latis
605 1161 734 1220 inmania
753 1161 858 1237 reguiS,
1205 1229 1206 1234 η

148 1240 278 1299 Centum
298 1259 361 1298 aras
382 1240 489 1316 posuit,
511 1240 687 1316 vigilemque
707 1252 869 1300 sacraverat
889 1241 996 1316 ignem,
1086 1261 1142 1298 200
1205 1237 1206 1320 l

149 1319 293 1378 Excubias
315 1320 415 1380 divom
434 1330 576 1389 aeternas,
597 1321 806 1396 pecudumque
826 1340 928 1380 cruore
1205 1327 1206 1348 ³

149 1397 261 1473 Pingue
282 1401 388 1472 solum,
410 1410 439 1458 et
459 1399 544 1458 variis
564 1399 697 1459 florentia
717 1399 819 1459 limina
839 1399 928 1459 sertis.

149 1479 239 1552 Isque
259 1498 361 1537 amens
382 1478 482 1551 animi,
504 1490 533 1537 et
553 1498 669 1538 rumore
690 1499 831 1539 accensus
852 1499 962 1554 amaro,

149 1556 264 1616 Dicitur
284 1569 352 1618 ante
372 1577 444 1631 aras,
467 1559 565 1617 media
583 1571 659 1618 inter
679 1559 802 1618 numina
822 1560 931 1631 divom,

149 1638 244 1695 Multa
265 1640 369 1696 Iovem
389 1637 525 1697 manibus
546 1639 670 1714 supplex
689 1659 788 1698 orasse
808 1639 936 1715 supinis:
1085 1658 1139 1717 ²05
1205 1637 1206 1676 ἕ

149 1716 297 1792 ‘Iuppiter
317 1717 512 1793 omnipotens
535 1718 582 1776 cui
603 1738 683 1776 nunc
705 1720 855 1778 Maurusia
876 1719 962 1796 pictis

149 1797 243 1854 ‘Gens
264 1799 383 1872 epulata
403 1797 474 1856 toris
495 1800 645 1856 Lenaeum
666 1797 738 1858 libat
758 1801 910 1872 honorem,

149 1875 297 1951 ‘Adspicis
317 1878 408 1935 haec?
429 1897 467 1935 an
490 1889 527 1949 te,
549 1877 671 1953 genitor,
693 1899 761 1937 cum
781 1878 903 1937 fulmina
929 1890 1059 1954 torques,

149 1955 349 2030 ‘Nequiquam
370 1957 530 2028 horremus,
552 1957 691 2032 caecique
712 1958 743 2017 in
764 1958 891 2018 nubibus
911 1958 994 2034 ignes
1205 2029 1206 2040 ἶ

148 2035 333 2095 ‘Terrificant
353 2035 475 2109 animos
498 2047 527 2096 et
547 2036 647 2096 inania
666 2057 815 2097 murmura
835 2037 982 2097 miscent?
1084 2061 1138 2097 210
1205 2049 1206 2088 3

149 2115 292 2187 ‘Femina
314 2134 391 2191 quae
411 2117 517 2175 nostris
538 2136 635 2176 errans
656 2117 685 2175 in
707 2117 815 2177 finibus
835 2119 937 2177 urbem

148 2193 303 2270 ‘Exiguam
324 2195 419 2271 pretio
438 2197 545 2273 posuit,
569 2196 615 2254 cui
636 2196 704 2256 litus
724 2199 874 2271 arandum,

148 2275 276 2350 ‘Cuique
296 2275 355 2335 loci
375 2277 455 2352 leges
475 2277 619 2347 dedimus,
641 2278 770 2336 conubia
789 2289 889 2337 nostra

147 2354 289 2430 ‘Repulit
312 2374 347 2414 ac
368 2357 523 2415 dominum
544 2360 667 2416 Aenean
688 2358 719 2416 in
739 2377 829 2434 regna
848 2358 967 2436 recepit.

148 2436 200 2493 ‘Et
220 2454 299 2493 nunc
318 2435 367 2495 ille
388 2434 476 2507 Paris,
498 2455 566 2494 cum
587 2436 724 2497 semiviro
744 2437 895 2510 comitatu,
1080 2459 1133 2518 ²15

147 2514 302 2573 ‘Maeonia
323 2527 456 2574 mentum
477 2515 563 2574 mitra
584 2516 754 2593 crinemque
774 2521 945 2578 madentem

147 2594 315 2667 ‘Subnixus
337 2607 423 2671 rapto
443 2595 569 2672 potitur:
598 2616 653 2656 nos
674 2617 796 2657 munera
817 2600 934 2674 templis

146 2674 279 2751 ‘Quippe
299 2673 356 2734 tuis
377 2675 503 2746 serimus,
526 2679 693 2752 famamque
714 2680 847 2738 fovemus
868 2678 1006 2738 inanem’

183 2756 307 2814 Talibus
328 2767 460 2814 orantem
482 2755 567 2815 dictis
588 2777 710 2834 arasque
732 2768 882 2817 tenentem
1079 2762 1083 2766 ’

143 2835 245 2894 Audiit
266 2835 464 2912 omnipotens
487 2838 648 2912 oculosque
668 2839 706 2896 ad
727 2837 846 2896 moenia
866 2836 948 2897 torsit
1077 2860 1131 2899 220

144 2915 247 2989 Regia,
270 2927 299 2975 et
320 2915 426 2975 oblitos
447 2918 543 2975 famae
563 2916 691 2975 melioris
711 2928 853 2978 amantes.

144 2997 222 3052 Tum
243 2993 285 3053 sic
307 2995 486 3054 Mercurium
507 2995 682 3072 adloquitur,
704 3016 739 3055 ac
759 2997 829 3056 talia
849 2997 987 3060 mandat:

147 3075 244 3132 ‘Vade
264 3093 326 3149 age,
348 3085 425 3146 nate,
447 3094 522 3134 voca
542 3078 698 3152 Zephyros
721 3087 751 3136 et
771 3077 870 3138 labere
889 3077 996 3154 pinnis,

144 3153 400 3226 ‘Dardaniumque
422 3154 536 3226 ducem,
559 3156 648 3230 Tyria
669 3157 845 3233 Carthagine
866 3157 916 3233 qui
936 3177 1017 3218 nunc
1205 3197 1206 3208 ἢ

145 3234 327 3302 ‘Exspectat
349 3230 474 3304 fatisque
495 3233 578 3289 datas
598 3253 660 3292 non
681 3235 799 3310 respicit
820 3237 914 3309 urbes,
1075 3259 1126 3319 ²25
1205 3247 1206 3296 t

145 3308 335 3380 ‘Adloquere‚
356 3317 387 3365 et
406 3308 514 3366 celeres
535 3310 616 3368 defer
636 3331 703 3371 mea
723 3313 803 3373 dicta
823 3334 877 3391 per
896 3335 986 3376 auras.
