2442 3686
393 84 632 146 AENEIDOS
656 87 740 145 rra.
770 89 827 145 ιι.
1045 89 1101 165 381

128 212 201 268 ‘Me
227 211 288 268 sine
310 211 403 285 prima
425 227 513 268 manu
527 223 647 275 ,tentare
671 212 797 286 pericula
819 211 904 270 belli:
1045 229 1100 287 505

126 291 194 346 ‘Tu
217 289 308 363 pedes
331 289 369 347 ad
393 307 490 346 muros
511 289 642 359 subsiste,
668 300 697 347 et
720 288 836 348 moenia
857 289 954 349 serva’

125 369 245 424 Turnus
268 367 306 425 ad
329 368 410 437 haec,
433 368 533 455 oculos
555 368 699 425 horrenda
722 367 752 426 in
774 367 883 442 virgine
906 369 996 427 fixus:

126 448 174 504 ‘O
197 445 287 502 decus
308 445 412 502 Italiae
433 444 521 519 virgo,
545 464 617 519 quas
641 446 737 504 dicere
757 457 861 522 grates,

128 523 265 594 ‘Quasve
286 523 389 580 referre
409 526 531 596 parem?
550 525 604 583 sed
624 543 712 594 nunc,
735 535 779 582 est
802 524 900 595 omnia
923 527 1041 602 quando

119 603 207 666 ‘Iste
230 599 343 658 animus
366 620 460 675 supra,
484 619 599 660 mecum
623 604 728 690 partire
749 603 884 662 laborem
1043 621 1100 678 510

128 680 270 750 ‘Aeneas
293 689 325 736 ut
347 680 425 736 fama
445 680 533 737 fidem
555 680 692 754 missique
716 691 863 755 reportant

130 759 360 831 ‘Exploratores
384 757 513 832 equitum
537 758 611 816 levia
632 759 772 832 inprobus
796 778 875 817 arma

129 834 307 907 ‘Praemisit
329 846 480 910 quaterent
504 855 640 911 campos;
659 837 723 911 ipse
743 838 832 895 ardua
853 838 960 896 montis

130 916 202 972 ‘Per
224 915 337 972 deserta
360 913 427 988 iugo
451 933 589 988 superans
613 917 750 974 adventat
771 916 809 973 ad
833 918 940 974 urbem.

129 995 236 1050 ‘Furta
259 1011 329 1066 paro
350 993 420 1050 belli
443 1011 574 1051 convexo
597 994 627 1049 in
649 994 762 1052 tramite
784 993 880 1066 silvae,
1044 1017 1077 1070 51
1083 1012 1098 1071 5

129 1072 191 1129 ‘Ut
213 1069 304 1128 bivias
327 1081 438 1128 armato
459 1071 591 1130 obsidam
613 1071 703 1129 milite
727 1073 831 1160 fauces

128 1151 194 1206 ‘Tu
215 1150 396 1230 Tyrrhenum
418 1149 545 1223 equitem
568 1149 680 1208 collatis
705 1149 806 1224 excipe
828 1149 935 1224 signis3

128 1229 258 1284 ‘Tecum
281 1245 348 1286 acer
364 1223 522 1301 Messapus
549 1228 610 1298 erit,
633 1238 801 1317 turmaeque
825 1228 954 1300 Latinae,

128 1304 319 1393 ‘Tiburtique
342 1324 462 1362 manus:
483 1306 564 1363 ducis
589 1317 617 1364 et
641 1316 673 1363 tu
696 1307 818 1380 concipe
841 1309 957 1364 curam!

76 1404 79 1408 ’
127 1383 177 1442 Sic
199 1383 246 1455 ait,
262 1394 292 1442 et
314 1383 431 1458 paribus
456 1385 653 1458 Messapum
646 1404 676 1441 ιιι
700 1385 809 1459 proelia
830 1381 914 1442 dictis
1045 1405 1100 1460 520

129 1463 272 1519 Hortatur
295 1462 446 1538 sociosque
468 1463 566 1534 duces,
592 1473 621 1521 et
645 1462 737 1538 pergit
759 1463 788 1520 in
810 1465 931 1522 hostem.

129 1543 182 1598 Est
203 1559 291 1600 curvo
314 1541 443 1598 anfractu
464 1542 562 1612 valles,
586 1542 779 1600 adcommoda
799 1541 892 1600 fraudi

127 1621 341 1706 Armorumque
365 1618 448 1690 dolis,
471 1638 589 1693 quam
583 1619 680 1678 densis
703 1620 853 1679 frondibus
876 1631 978 1679 atrum.

128 1699 244 1772 Urguet
265 1696 407 1772 utrimque
429 1698 522 1770 latus;
542 1699 637 1755 tenuis
661 1717 719 1773 quo
743 1698 844 1756 semita
867 1699 954 1771 ducit,

127 1778 335 1850 Angustaeque
358 1776 452 1834 ferunt
475 1743 572 1834 fauces
595 1777 748 1864 aditusque
770 1775 895 1864 maligni.
1044 1795 1077 1853 5²
1083 1795 1098 1852 5

129 1856 219 1910 Hanc
227 1872 322 1943 ’super
344 1852 374 1911 in
394 1853 518 1942 speculis
543 1872 713 1942 summoque
734 1852 765 1910 in
785 1854 892 1914 vertice
915 1855 1021 1914 montis

128 1931 267 1989 Planities
288 1932 388 2006 ignota
408 1931 490 2004 iacet,
513 1931 625 2006 tutique
645 1943 794 2006 receptus,
881 1952 882 1955 ¹

128 2012 186 2068 Seu
209 2012 309 2068 dextra
330 2011 467 2084 laevaque
492 2010 562 2068 velis
586 2028 734 2069 occurrere
758 2027 879 2085 pugnae,

128 2087 196 2146 Sive
217 2087 324 2146 instare
345 2088 424 2162 iugiS,
449 2098 478 2146 et
501 2089 621 2162 grandia
643 2089 758 2146 volvere
779 2107 854 2146 saxa

131 2168 204 2224 Huc
226 2165 338 2223 iuvenis
359 2177 431 2224 nota
452 2168 539 2224 ferttu
561 2167 677 2242 regione
696 2167 813 2237 viarum,
1048 2185 1104 2242 530

128 2243 313 2318 Arripuitque
334 2246 440 2315 locum,
465 2255 494 2303 et
517 2244 594 2303 silvis
618 2245 723 2303 insedit
743 2243 855 2319 iniquis.

168 2323 309 2380 Velocem
331 2321 440 2380 interea
463 2322 572 2397 superis
593 2321 623 2380 in
645 2323 762 2382 sedibus
787 2323 883 2398 Opim,

130 2401 230 2459 Unam
252 2420 288 2458 ex
311 2401 467 2474 virginibus
489 2399 575 2459 sociis
598 2420 736 2476 sacraque
758 2413 882 2475 caterva,

129 2479 339 2552 Compellabat,
365 2488 393 2536 et
414 2480 465 2536 has
489 2479 582 2538 tristes
604 2479 727 2538 Latonia
749 2499 836 2538 voces

130 2559 189 2615 Ore
211 2557 317 2614 dabat:
339 2557 491 2614 ‘Graditur
511 2559 619 2616 bellum
641 2559 679 2616 ad
703 2559 818 2616 crudele
841 2558 972 2632 Camilla,
1043 2576 1098 2635 535

131 2637 176 2694 ‘O
199 2634 287 2708 virgo,
313 2646 341 2692 et
364 2635 468 2693 nostris
489 2636 665 2711 nequiquam
687 2635 809 2710 cingitur
830 2637 924 2708 armis,

130 2715 224 2772 ‘Cara
242 2711 313 2770 mihi
334 2714 500 2772 antetalius
543 2716 647 2802 Neque
669 2714 746 2772 enim
767 2733 859 2773 novus
879 2715 933 2774 iste
955 2714 1068 2774 Dianae

130 2790 235 2848 ‘Venit
259 2810 347 2860 amor,
373 2790 525 2866 subitaque
548 2792 678 2849 animum
699 2792 852 2854 dulcedine
873 2793 970 2852 moult.

129 2870 250 2926 ‘Pulsus
266 2871 313 2926 ob
336 2868 474 2926 invidiam
497 2887 586 2944 regno
609 2870 744 2944 viresque
761 2872 898 2944 superbas

130 2946 284 3004 ‘Priverno
306 2947 426 3022 antiqua
447 2949 583 3006 Metabus
606 2967 695 3023 quum
719 2949 870 3007 excederet
892 2949 971 3020 urbe,
1043 2966 1099 3024 540

130 3025 295 3084 ‘Infantem
317 3025 428 3100 fugiens
452 3026 548 3084 media
569 3026 643 3084 inter
664 3026 773 3101 proelia
796 3026 864 3084 belli

129 3103 267 3161 ‘Sustulit
290 3103 391 3162 exsilio
414 3105 559 3176 comitem,
582 3103 738 3179 matrisque
760 3105 875 3165 vocavit

130 3181 277 3238 ‘Nomine
301 3182 465 3254 Casmillae,
490 3194 600 3241 mutata
620 3195 709 3258 parte,
733 3184 892 3244 Camillam

130 3259 217 3334 ‘lpse
241 3259 304 3318 sinu
327 3279 396 3336 prae
420 3279 451 3320 se
474 3272 600 3338 portans,
624 3262 690 3336 iuga
710 3263 797 3337 longa
819 3265 936 3337 petebat
