<?xml version="1.0" encoding="UTF-8"?>
<!DOCTYPE html PUBLIC "-//W3C//DTD XHTML 1.0 Transitional//EN"
    "http://www.w3.org/TR/xhtml1/DTD/xhtml1-transitional.dtd">
<html xmlns="http://www.w3.org/1999/xhtml" xml:lang="en" lang="en">
 <head>
  <title>
</title>
<meta http-equiv="Content-Type" content="text/html;charset=utf-8" />
  <meta name='ocr-system' content='tesseract 3.04.00' />
  <meta name='ocr-capabilities' content='ocr_page ocr_carea ocr_par ocr_line ocrx_word'/>
</head>
<body>
  <div class='ocr_page' id='page_1' title='image "./pvergilimaronis13virggoog/pvergilimaronis13virggoog_0291.png"; bbox 0 0 2462 3678; ppageno 0'>
   <div class='ocr_carea' id='block_1_1' title="bbox 153 72 1163 134">
    <p class='ocr_par' dir='ltr' id='par_1_1' title="bbox 153 72 1163 134">
     <span class='ocr_line' id='line_1_1' title="bbox 153 72 1163 134; baseline 0.001 -2"><span class='ocrx_word' id='word_1_1' title='bbox 153 75 210 132; x_wconf 80' lang='lat'>282</span> <span class='ocrx_word' id='word_1_2' title='bbox 242 74 279 133; x_wconf 90' lang='lat' dir='ltr'>P.</span> <span class='ocrx_word' id='word_1_3' title='bbox 309 73 499 132; x_wconf 83' lang='lat' dir='ltr'><em>VERGILI</em></span> <span class='ocrx_word' id='word_1_4' title='bbox 520 72 733 132; x_wconf 82' lang='lat' dir='ltr'>MARONIS</span> <span class='ocrx_word' id='word_1_5' title='bbox 756 73 861 130; x_wconf 81' lang='lat' dir='ltr'>AEN.</span> <span class='ocrx_word' id='word_1_6' title='bbox 888 76 975 132; x_wconf 87' lang='lat' dir='ltr'><em>LIB.</em></span> <span class='ocrx_word' id='word_1_7' title='bbox 1007 77 1067 134; x_wconf 87' lang='lat' dir='ltr'>VI.</span> <span class='ocrx_word' id='word_1_8' title='bbox 1147 89 1163 116; x_wconf 81' lang='lat'>⁸</span> 
     </span>
    </p>
   </div>
   <div class='ocr_carea' id='block_1_2' title="bbox 64 188 1168 3155">
    <p class='ocr_par' dir='ltr' id='par_1_2' title="bbox 99 188 1168 2433">
     <span class='ocr_line' id='line_1_2' title="bbox 152 188 1111 270; baseline 0 -19"><span class='ocrx_word' id='word_1_9' title='bbox 152 191 231 268; x_wconf 86' lang='lat' dir='ltr'>‘Qui</span> <span class='ocrx_word' id='word_1_10' title='bbox 248 191 385 270; x_wconf 90' lang='lat' dir='ltr'>strepitus</span> <span class='ocrx_word' id='word_1_11' title='bbox 405 190 483 252; x_wconf 90' lang='lat' dir='ltr'>circa</span> <span class='ocrx_word' id='word_1_12' title='bbox 501 189 661 251; x_wconf 84' lang='lat' dir='ltr'>comitum!</span> <span class='ocrx_word' id='word_1_13' title='bbox 681 201 823 269; x_wconf 89' lang='lat' dir='ltr'>quantum</span> <span class='ocrx_word' id='word_1_14' title='bbox 844 188 935 252; x_wconf 90' lang='lat' dir='ltr'>instar</span> <span class='ocrx_word' id='word_1_15' title='bbox 953 191 987 252; x_wconf 89' lang='lat' dir='ltr'>in</span> <span class='ocrx_word' id='word_1_16' title='bbox 1008 192 1111 267; x_wconf 86' lang='lat' dir='ltr'>ipso!</span> 
     </span>
     <span class='ocr_line' id='line_1_3' title="bbox 154 271 951 348; baseline -0.001 -15"><span class='ocrx_word' id='word_1_17' title='bbox 154 273 232 333; x_wconf 88' lang='lat' dir='ltr'>‘Sed</span> <span class='ocrx_word' id='word_1_18' title='bbox 253 293 314 334; x_wconf 83' lang='lat' dir='ltr'>nox</span> <span class='ocrx_word' id='word_1_19' title='bbox 334 284 397 332; x_wconf 91' lang='lat' dir='ltr'>atra</span> <span class='ocrx_word' id='word_1_20' title='bbox 416 282 505 348; x_wconf 91' lang='lat' dir='ltr'>caput</span> <span class='ocrx_word' id='word_1_21' title='bbox 525 271 598 331; x_wconf 89' lang='lat' dir='ltr'>tristi</span> <span class='ocrx_word' id='word_1_22' title='bbox 620 271 811 331; x_wconf 88' lang='lat' dir='ltr'>circumvolat</span> <span class='ocrx_word' id='word_1_23' title='bbox 830 271 951 332; x_wconf 85' lang='lat' dir='ltr'>umbra&#39;</span> 
     </span>
     <span class='ocr_line' id='line_1_4' title="bbox 150 351 975 429; baseline 0.002 -17"><span class='ocrx_word' id='word_1_24' title='bbox 150 355 229 412; x_wconf 91' lang='lat' dir='ltr'>Tum</span> <span class='ocrx_word' id='word_1_25' title='bbox 250 363 333 429; x_wconf 84' lang='lat' dir='ltr'>pater</span> <span class='ocrx_word' id='word_1_26' title='bbox 354 351 508 424; x_wconf 80' lang='lat' dir='ltr'><strong>Anchises,</strong></span> <span class='ocrx_word' id='word_1_27' title='bbox 530 351 658 412; x_wconf 86' lang='lat' dir='ltr'>lacrimis</span> <span class='ocrx_word' id='word_1_28' title='bbox 678 351 824 428; x_wconf 90' lang='lat' dir='ltr'>ingressus</span> <span class='ocrx_word' id='word_1_29' title='bbox 846 351 975 415; x_wconf 85' lang='lat' dir='ltr'>obortis:</span> 
     </span>
     <span class='ocr_line' id='line_1_5' title="bbox 152 432 946 509; baseline -0.004 -16"><span class='ocrx_word' id='word_1_30' title='bbox 152 435 197 493; x_wconf 87' lang='lat'>‘0</span> <span class='ocrx_word' id='word_1_31' title='bbox 219 443 296 505; x_wconf 88' lang='lat' dir='ltr'>nate,</span> <span class='ocrx_word' id='word_1_32' title='bbox 319 432 469 509; x_wconf 90' lang='lat' dir='ltr'>ingentem</span> <span class='ocrx_word' id='word_1_33' title='bbox 491 434 604 492; x_wconf 88' lang='lat' dir='ltr'>luctum</span> <span class='ocrx_word' id='word_1_34' title='bbox 629 451 667 492; x_wconf 91' lang='lat' dir='ltr'>ne</span> <span class='ocrx_word' id='word_1_35' title='bbox 690 451 799 508; x_wconf 89' lang='lat' dir='ltr'>quaere</span> <span class='ocrx_word' id='word_1_36' title='bbox 821 443 946 493; x_wconf 90' lang='lat' dir='ltr'>tuorum.</span> 
     </span>
     <span class='ocr_line' id='line_1_6' title="bbox 152 512 986 588; baseline 0.001 -15"><span class='ocrx_word' id='word_1_37' title='bbox 152 513 335 573; x_wconf 87' lang='lat' dir='ltr'>‘Ostendent</span> <span class='ocrx_word' id='word_1_38' title='bbox 358 512 441 572; x_wconf 89' lang='lat' dir='ltr'>terris</span> <span class='ocrx_word' id='word_1_39' title='bbox 463 513 544 572; x_wconf 88' lang='lat' dir='ltr'>hunc</span> <span class='ocrx_word' id='word_1_40' title='bbox 563 523 678 572; x_wconf 89' lang='lat' dir='ltr'>tantum</span> <span class='ocrx_word' id='word_1_41' title='bbox 699 513 766 586; x_wconf 84' lang='lat' dir='ltr'>fata,</span> <span class='ocrx_word' id='word_1_42' title='bbox 791 532 891 588; x_wconf 90' lang='lat' dir='ltr'>neque</span> <span class='ocrx_word' id='word_1_43' title='bbox 910 514 986 574; x_wconf 85' lang='lat' dir='ltr'>ultra</span> 
     </span>
     <span class='ocr_line' id='line_1_7' title="bbox 99 592 1168 670; baseline 0.001 -18"><span class='ocrx_word' id='word_1_44' title='bbox 99 615 106 627; x_wconf 94' lang='lat'><strong>·</strong></span> <span class='ocrx_word' id='word_1_45' title='bbox 151 595 243 652; x_wconf 89' lang='lat' dir='ltr'>‘Esse</span> <span class='ocrx_word' id='word_1_46' title='bbox 265 592 371 654; x_wconf 88' lang='lat' dir='ltr'>sinent.</span> <span class='ocrx_word' id='word_1_47' title='bbox 413 592 548 652; x_wconf 90' lang='lat' dir='ltr'>Nimium</span> <span class='ocrx_word' id='word_1_48' title='bbox 569 592 654 652; x_wconf 91' lang='lat' dir='ltr'>vobis</span> <span class='ocrx_word' id='word_1_49' title='bbox 674 594 812 652; x_wconf 87' lang='lat' dir='ltr'>Romana</span> <span class='ocrx_word' id='word_1_50' title='bbox 833 613 963 670; x_wconf 86' lang='lat' dir='ltr'>propago</span> <span class='ocrx_word' id='word_1_51' title='bbox 1103 599 1168 670; x_wconf 88' lang='lat'>870</span> 
     </span>
     <span class='ocr_line' id='line_1_8' title="bbox 151 671 1044 749; baseline 0.002 -18"><span class='ocrx_word' id='word_1_52' title='bbox 151 673 239 732; x_wconf 90' lang='lat' dir='ltr'>‘Visa</span> <span class='ocrx_word' id='word_1_53' title='bbox 260 683 375 749; x_wconf 91' lang='lat' dir='ltr'>potens,</span> <span class='ocrx_word' id='word_1_54' title='bbox 399 673 504 749; x_wconf 89' lang='lat' dir='ltr'>superi,</span> <span class='ocrx_word' id='word_1_55' title='bbox 526 671 644 749; x_wconf 89' lang='lat' dir='ltr'>propria</span> <span class='ocrx_word' id='word_1_56' title='bbox 666 674 741 732; x_wconf 89' lang='lat' dir='ltr'>haec</span> <span class='ocrx_word' id='word_1_57' title='bbox 763 673 787 732; x_wconf 92' lang='lat' dir='ltr'>si</span> <span class='ocrx_word' id='word_1_58' title='bbox 809 675 891 733; x_wconf 90' lang='lat' dir='ltr'>dona</span> <span class='ocrx_word' id='word_1_59' title='bbox 911 675 1044 733; x_wconf 82' lang='lat' dir='ltr'>fuissent.</span> 
     </span>
     <span class='ocr_line' id='line_1_9' title="bbox 151 752 1107 829; baseline 0.001 -18"><span class='ocrx_word' id='word_1_60' title='bbox 151 754 303 827; x_wconf 89' lang='lat' dir='ltr'>‘Quantos</span> <span class='ocrx_word' id='word_1_61' title='bbox 323 752 371 813; x_wconf 96' lang='lat' dir='ltr'>ille</span> <span class='ocrx_word' id='word_1_62' title='bbox 391 752 485 812; x_wconf 84' lang='lat' dir='ltr'>virum</span> <span class='ocrx_word' id='word_1_63' title='bbox 507 772 645 829; x_wconf 90' lang='lat' dir='ltr'>magnam</span> <span class='ocrx_word' id='word_1_64' title='bbox 667 753 810 812; x_wconf 91' lang='lat' dir='ltr'>Mavortis</span> <span class='ocrx_word' id='word_1_65' title='bbox 829 755 869 814; x_wconf 92' lang='lat' dir='ltr'>ad</span> <span class='ocrx_word' id='word_1_66' title='bbox 890 754 993 813; x_wconf 90' lang='lat' dir='ltr'>urbem</span> <span class='ocrx_word' id='word_1_67' title='bbox 1101 812 1107 819; x_wconf 84' lang='grc'><strong>,</strong></span> 
     </span>
     <span class='ocr_line' id='line_1_10' title="bbox 151 832 1041 910; baseline -0.001 -16"><span class='ocrx_word' id='word_1_68' title='bbox 151 835 298 910; x_wconf 87' lang='lat' dir='ltr'>‘Campus</span> <span class='ocrx_word' id='word_1_69' title='bbox 319 844 386 910; x_wconf 89' lang='lat' dir='ltr'>aget</span> <span class='ocrx_word' id='word_1_70' title='bbox 406 832 551 910; x_wconf 78' lang='lat' dir='ltr'>gemitus!</span> <span class='ocrx_word' id='word_1_71' title='bbox 575 835 623 892; x_wconf 91' lang='lat' dir='ltr'>vel</span> <span class='ocrx_word' id='word_1_72' title='bbox 641 853 725 910; x_wconf 89' lang='lat' dir='ltr'>quae,</span> <span class='ocrx_word' id='word_1_73' title='bbox 749 833 898 906; x_wconf 89' lang='lat' dir='ltr'>Tiberine,</span> <span class='ocrx_word' id='word_1_74' title='bbox 923 833 1041 893; x_wconf 88' lang='lat' dir='ltr'>videbis</span> 
     </span>
     <span class='ocr_line' id='line_1_11' title="bbox 150 914 969 990; baseline 0 -18"><span class='ocrx_word' id='word_1_75' title='bbox 150 915 290 987; x_wconf 71' lang='lat' dir='ltr'>‘Funera</span> <span class='ocrx_word' id='word_1_76' title='bbox 311 933 379 972; x_wconf 88' lang='lat' dir='ltr'>cum</span> <span class='ocrx_word' id='word_1_77' title='bbox 399 914 547 972; x_wconf 89' lang='lat' dir='ltr'>tumulum</span> <span class='ocrx_word' id='word_1_78' title='bbox 569 914 781 990; x_wconf 85' lang='lat' dir='ltr'>praeterlabere</span> <span class='ocrx_word' id='word_1_79' title='bbox 802 918 969 973; x_wconf 86' lang='lat' dir='ltr'>recentem!</span> 
     </span>
     <span class='ocr_line' id='line_1_12' title="bbox 150 992 1157 1072; baseline 0.001 -19"><span class='ocrx_word' id='word_1_80' title='bbox 150 995 233 1053; x_wconf 87' lang='lat' dir='ltr'>‘Nec</span> <span class='ocrx_word' id='word_1_81' title='bbox 252 1013 327 1070; x_wconf 91' lang='lat' dir='ltr'>puer</span> <span class='ocrx_word' id='word_1_82' title='bbox 348 993 439 1052; x_wconf 90' lang='lat' dir='ltr'>Iliaca</span> <span class='ocrx_word' id='word_1_83' title='bbox 459 992 616 1070; x_wconf 90' lang='lat' dir='ltr'>quisquam</span> <span class='ocrx_word' id='word_1_84' title='bbox 637 996 676 1053; x_wconf 90' lang='lat' dir='ltr'>de</span> <span class='ocrx_word' id='word_1_85' title='bbox 695 1004 783 1070; x_wconf 89' lang='lat' dir='ltr'>gente</span> <span class='ocrx_word' id='word_1_86' title='bbox 804 994 926 1053; x_wconf 89' lang='lat' dir='ltr'>Latinos</span> <span class='ocrx_word' id='word_1_87' title='bbox 1093 999 1157 1072; x_wconf 86' lang='lat'>875</span> 
     </span>
     <span class='ocr_line' id='line_1_13' title="bbox 150 1075 1026 1150; baseline 0.002 -19"><span class='ocrx_word' id='word_1_88' title='bbox 150 1075 202 1131; x_wconf 89' lang='lat' dir='ltr'>‘ln</span> <span class='ocrx_word' id='word_1_89' title='bbox 223 1083 338 1133; x_wconf 89' lang='lat' dir='ltr'>tantum</span> <span class='ocrx_word' id='word_1_90' title='bbox 359 1092 411 1150; x_wconf 91' lang='lat' dir='ltr'>spe</span> <span class='ocrx_word' id='word_1_91' title='bbox 432 1075 514 1133; x_wconf 91' lang='lat' dir='ltr'>tollet</span> <span class='ocrx_word' id='word_1_92' title='bbox 534 1093 605 1132; x_wconf 87' lang='lat' dir='ltr'>avos</span> <span class='ocrx_word' id='word_1_93' title='bbox 615 1095 624 1148; x_wconf 92' lang='lat'>;</span> <span class='ocrx_word' id='word_1_94' title='bbox 644 1092 699 1133; x_wconf 89' lang='lat' dir='ltr'>nec</span> <span class='ocrx_word' id='word_1_95' title='bbox 722 1075 852 1133; x_wconf 89' lang='lat' dir='ltr'>Romula</span> <span class='ocrx_word' id='word_1_96' title='bbox 872 1075 1026 1150; x_wconf 87' lang='lat' dir='ltr'>quondam</span> 
     </span>
     <span class='ocr_line' id='line_1_14' title="bbox 148 1152 818 1214; baseline 0.003 -2"><span class='ocrx_word' id='word_1_97' title='bbox 148 1155 237 1213; x_wconf 84' lang='lat' dir='ltr'>‘Ullo</span> <span class='ocrx_word' id='word_1_98' title='bbox 258 1173 289 1214; x_wconf 93' lang='lat' dir='ltr'>se</span> <span class='ocrx_word' id='word_1_99' title='bbox 309 1164 424 1213; x_wconf 90' lang='lat' dir='ltr'>tantum</span> <span class='ocrx_word' id='word_1_100' title='bbox 444 1154 530 1214; x_wconf 93' lang='lat' dir='ltr'>tellus</span> <span class='ocrx_word' id='word_1_101' title='bbox 550 1152 670 1213; x_wconf 87' lang='lat' dir='ltr'>iactabit</span> <span class='ocrx_word' id='word_1_102' title='bbox 688 1156 818 1214; x_wconf 90' lang='lat' dir='ltr'>alumno.</span> 
     </span>
     <span class='ocr_line' id='line_1_15' title="bbox 149 1232 945 1311; baseline 0.003 -19"><span class='ocrx_word' id='word_1_103' title='bbox 149 1236 236 1294; x_wconf 90' lang='lat' dir='ltr'>‘Heu</span> <span class='ocrx_word' id='word_1_104' title='bbox 257 1233 359 1311; x_wconf 90' lang='lat' dir='ltr'>pietas,</span> <span class='ocrx_word' id='word_1_105' title='bbox 381 1235 440 1293; x_wconf 92' lang='lat' dir='ltr'>heu</span> <span class='ocrx_word' id='word_1_106' title='bbox 461 1232 556 1310; x_wconf 91' lang='lat' dir='ltr'>prisca</span> <span class='ocrx_word' id='word_1_107' title='bbox 575 1234 658 1306; x_wconf 68' lang='lat' dir='ltr'>fides</span> <span class='ocrx_word' id='word_1_108' title='bbox 678 1233 847 1310; x_wconf 84' lang='lat' dir='ltr'>invictaque</span> <span class='ocrx_word' id='word_1_109' title='bbox 866 1235 945 1294; x_wconf 93' lang='lat' dir='ltr'>bello</span> 
     </span>
     <span class='ocr_line' id='line_1_16' title="bbox 149 1312 981 1390; baseline 0.002 -18"><span class='ocrx_word' id='word_1_110' title='bbox 149 1317 311 1374; x_wconf 84' lang='lat' dir='ltr'>‘Dexteral</span> <span class='ocrx_word' id='word_1_111' title='bbox 353 1316 423 1374; x_wconf 91' lang='lat' dir='ltr'>Non</span> <span class='ocrx_word' id='word_1_112' title='bbox 444 1312 486 1372; x_wconf 93' lang='lat' dir='ltr'>illi</span> <span class='ocrx_word' id='word_1_113' title='bbox 507 1332 538 1373; x_wconf 93' lang='lat' dir='ltr'>se</span> <span class='ocrx_word' id='word_1_114' title='bbox 558 1313 716 1390; x_wconf 88' lang='lat' dir='ltr'>quisquam</span> <span class='ocrx_word' id='word_1_115' title='bbox 737 1313 849 1390; x_wconf 90' lang='lat' dir='ltr'>inpune</span> <span class='ocrx_word' id='word_1_116' title='bbox 868 1315 981 1374; x_wconf 90' lang='lat' dir='ltr'>tulisset</span> 
     </span>
     <span class='ocr_line' id='line_1_17' title="bbox 147 1393 1156 1470; baseline 0.002 -16"><span class='ocrx_word' id='word_1_117' title='bbox 147 1393 277 1454; x_wconf 87' lang='lat' dir='ltr'>‘Obvius</span> <span class='ocrx_word' id='word_1_118' title='bbox 297 1403 418 1468; x_wconf 70' lang='lat' dir='ltr'>armata</span> <span class='ocrx_word' id='word_1_119' title='bbox 442 1413 494 1453; x_wconf 91' lang='lat' dir='ltr'>seu</span> <span class='ocrx_word' id='word_1_120' title='bbox 515 1413 583 1453; x_wconf 85' lang='lat' dir='ltr'>cunr</span> <span class='ocrx_word' id='word_1_121' title='bbox 603 1395 696 1470; x_wconf 92' lang='lat' dir='ltr'>pedes</span> <span class='ocrx_word' id='word_1_122' title='bbox 716 1393 771 1454; x_wconf 91' lang='lat' dir='ltr'>iret</span> <span class='ocrx_word' id='word_1_123' title='bbox 791 1394 822 1454; x_wconf 92' lang='lat' dir='ltr'>in</span> <span class='ocrx_word' id='word_1_124' title='bbox 842 1395 966 1467; x_wconf 90' lang='lat' dir='ltr'>hostem,</span> <span class='ocrx_word' id='word_1_125' title='bbox 1093 1399 1156 1456; x_wconf 88' lang='lat'>880</span> 
     </span>
     <span class='ocr_line' id='line_1_18' title="bbox 147 1473 935 1551; baseline 0.001 -19"><span class='ocrx_word' id='word_1_126' title='bbox 147 1475 220 1533; x_wconf 90' lang='lat' dir='ltr'>‘Seu</span> <span class='ocrx_word' id='word_1_127' title='bbox 242 1474 405 1551; x_wconf 90' lang='lat' dir='ltr'>spumantis</span> <span class='ocrx_word' id='word_1_128' title='bbox 426 1473 495 1550; x_wconf 90' lang='lat' dir='ltr'>equi</span> <span class='ocrx_word' id='word_1_129' title='bbox 515 1474 629 1533; x_wconf 90' lang='lat' dir='ltr'>foderet</span> <span class='ocrx_word' id='word_1_130' title='bbox 649 1474 810 1534; x_wconf 89' lang='lat' dir='ltr'>calcaribus</span> <span class='ocrx_word' id='word_1_131' title='bbox 829 1494 935 1534; x_wconf 87' lang='lat' dir='ltr'>armos.</span> 
     </span>
     <span class='ocr_line' id='line_1_19' title="bbox 146 1553 1018 1631; baseline 0.001 -18"><span class='ocrx_word' id='word_1_132' title='bbox 146 1556 243 1627; x_wconf 87' lang='lat' dir='ltr'>‘Heu,</span> <span class='ocrx_word' id='word_1_133' title='bbox 267 1554 431 1614; x_wconf 86' lang='lat' dir='ltr'>miserande</span> <span class='ocrx_word' id='word_1_134' title='bbox 453 1573 533 1630; x_wconf 91' lang='lat' dir='ltr'>puer,</span> <span class='ocrx_word' id='word_1_135' title='bbox 558 1553 583 1613; x_wconf 93' lang='lat' dir='ltr'>si</span> <span class='ocrx_word' id='word_1_136' title='bbox 605 1574 664 1631; x_wconf 90' lang='lat' dir='ltr'>qua</span> <span class='ocrx_word' id='word_1_137' title='bbox 685 1555 745 1614; x_wconf 86' lang='lat' dir='ltr'>sata</span> <span class='ocrx_word' id='word_1_138' title='bbox 765 1574 868 1631; x_wconf 85' lang='lat' dir='ltr'>aspera</span> <span class='ocrx_word' id='word_1_139' title='bbox 889 1575 1018 1630; x_wconf 88' lang='lat' dir='ltr'>rumpas,</span> 
     </span>
     <span class='ocr_line' id='line_1_20' title="bbox 146 1632 958 1712; baseline 0 -19"><span class='ocrx_word' id='word_1_140' title='bbox 146 1637 210 1694; x_wconf 88' lang='lat' dir='ltr'>‘Tu</span> <span class='ocrx_word' id='word_1_141' title='bbox 231 1636 390 1695; x_wconf 88' lang='lat' dir='ltr'>Marcellus</span> <span class='ocrx_word' id='word_1_142' title='bbox 414 1634 477 1695; x_wconf 90' lang='lat' dir='ltr'>eris.</span> <span class='ocrx_word' id='word_1_143' title='bbox 522 1632 663 1695; x_wconf 88' lang='lat' dir='ltr'>Manibus</span> <span class='ocrx_word' id='word_1_144' title='bbox 683 1635 752 1695; x_wconf 86' lang='lat' dir='ltr'>date</span> <span class='ocrx_word' id='word_1_145' title='bbox 772 1634 833 1694; x_wconf 88' lang='lat' dir='ltr'>lilia</span> <span class='ocrx_word' id='word_1_146' title='bbox 852 1635 958 1712; x_wconf 86' lang='lat' dir='ltr'>plenis,</span> 
     </span>
     <span class='ocr_line' id='line_1_21' title="bbox 145 1713 949 1791; baseline 0.002 -19"><span class='ocrx_word' id='word_1_147' title='bbox 145 1717 327 1791; x_wconf 85' lang='lat' dir='ltr'>‘Purpureos</span> <span class='ocrx_word' id='word_1_148' title='bbox 349 1734 484 1791; x_wconf 87' lang='lat' dir='ltr'>spargam</span> <span class='ocrx_word' id='word_1_149' title='bbox 505 1716 599 1788; x_wconf 90' lang='lat' dir='ltr'>flores,</span> <span class='ocrx_word' id='word_1_150' title='bbox 623 1713 811 1791; x_wconf 86' lang='lat' dir='ltr'>animamque</span> <span class='ocrx_word' id='word_1_151' title='bbox 833 1715 949 1791; x_wconf 91' lang='lat' dir='ltr'>nepotis</span> 
     </span>
     <span class='ocr_line' id='line_1_22' title="bbox 145 1794 1146 1876; baseline 0.005 -23"><span class='ocrx_word' id='word_1_152' title='bbox 145 1794 221 1854; x_wconf 87' lang='lat' dir='ltr'>‘His</span> <span class='ocrx_word' id='word_1_153' title='bbox 242 1797 344 1856; x_wconf 87' lang='lat' dir='ltr'>saltem</span> <span class='ocrx_word' id='word_1_154' title='bbox 365 1796 554 1855; x_wconf 87' lang='lat' dir='ltr'>adcumulem</span> <span class='ocrx_word' id='word_1_155' title='bbox 575 1794 670 1868; x_wconf 89' lang='lat' dir='ltr'>donis,</span> <span class='ocrx_word' id='word_1_156' title='bbox 693 1806 722 1855; x_wconf 92' lang='lat' dir='ltr'>et</span> <span class='ocrx_word' id='word_1_157' title='bbox 743 1797 847 1872; x_wconf 85' lang='lat' dir='ltr'>fungar</span> <span class='ocrx_word' id='word_1_158' title='bbox 866 1795 946 1854; x_wconf 91' lang='lat' dir='ltr'>inani</span> <span class='ocrx_word' id='word_1_159' title='bbox 1085 1803 1146 1876; x_wconf 84' lang='lat'>885</span> 
     </span>
     <span class='ocr_line' id='line_1_23' title="bbox 145 1875 907 1952; baseline -0.001 -18"><span class='ocrx_word' id='word_1_160' title='bbox 145 1875 393 1936; x_wconf 89' lang='lat' dir='ltr'>‘Munere.&#39;—Sic</span> <span class='ocrx_word' id='word_1_161' title='bbox 413 1886 476 1936; x_wconf 89' lang='lat' dir='ltr'>tota</span> <span class='ocrx_word' id='word_1_162' title='bbox 495 1875 604 1952; x_wconf 91' lang='lat' dir='ltr'>passim</span> <span class='ocrx_word' id='word_1_163' title='bbox 624 1875 746 1952; x_wconf 86' lang='lat' dir='ltr'>regione</span> <span class='ocrx_word' id='word_1_164' title='bbox 765 1886 907 1952; x_wconf 85' lang='lat' dir='ltr'>vagantur</span> 
     </span>
     <span class='ocr_line' id='line_1_24' title="bbox 143 1954 899 2033; baseline 0.001 -20"><span class='ocrx_word' id='word_1_165' title='bbox 143 1954 229 2015; x_wconf 72' lang='lat' dir='ltr'>Aeris</span> <span class='ocrx_word' id='word_1_166' title='bbox 251 1956 283 2015; x_wconf 90' lang='lat' dir='ltr'>in</span> <span class='ocrx_word' id='word_1_167' title='bbox 305 1955 418 2032; x_wconf 90' lang='lat' dir='ltr'>campis</span> <span class='ocrx_word' id='word_1_168' title='bbox 440 1955 514 2028; x_wconf 89' lang='lat' dir='ltr'>latis,</span> <span class='ocrx_word' id='word_1_169' title='bbox 537 1966 627 2033; x_wconf 88' lang='lat' dir='ltr'>atque</span> <span class='ocrx_word' id='word_1_170' title='bbox 650 1957 750 2015; x_wconf 91' lang='lat' dir='ltr'>omnia</span> <span class='ocrx_word' id='word_1_171' title='bbox 769 1957 899 2016; x_wconf 88' lang='lat' dir='ltr'>lustrant</span> 
     </span>
     <span class='ocr_line' id='line_1_25' title="bbox 142 2033 1014 2113; baseline 0.001 -18"><span class='ocrx_word' id='word_1_172' title='bbox 142 2037 228 2112; x_wconf 86' lang='lat' dir='ltr'>Quae</span> <span class='ocrx_word' id='word_1_173' title='bbox 247 2047 405 2113; x_wconf 87' lang='lat' dir='ltr'>postquam</span> <span class='ocrx_word' id='word_1_174' title='bbox 426 2036 572 2096; x_wconf 90' lang='lat' dir='ltr'>Anchises</span> <span class='ocrx_word' id='word_1_175' title='bbox 593 2047 697 2096; x_wconf 92' lang='lat' dir='ltr'>natum</span> <span class='ocrx_word' id='word_1_176' title='bbox 715 2056 768 2113; x_wconf 88' lang='lat' dir='ltr'>per</span> <span class='ocrx_word' id='word_1_177' title='bbox 788 2033 902 2112; x_wconf 87' lang='lat' dir='ltr'>singula</span> <span class='ocrx_word' id='word_1_178' title='bbox 922 2036 1014 2110; x_wconf 89' lang='lat' dir='ltr'>duxit,</span> 
     </span>
     <span class='ocr_line' id='line_1_26' title="bbox 142 2115 902 2193; baseline 0 -18"><span class='ocrx_word' id='word_1_179' title='bbox 142 2116 338 2193; x_wconf 91' lang='lat' dir='ltr'>Incenditque</span> <span class='ocrx_word' id='word_1_180' title='bbox 359 2117 490 2175; x_wconf 90' lang='lat' dir='ltr'>animum</span> <span class='ocrx_word' id='word_1_181' title='bbox 512 2117 609 2177; x_wconf 86' lang='lat' dir='ltr'>famae</span> <span class='ocrx_word' id='word_1_182' title='bbox 629 2115 773 2176; x_wconf 91' lang='lat' dir='ltr'>venientis</span> <span class='ocrx_word' id='word_1_183' title='bbox 795 2136 902 2189; x_wconf 89' lang='lat' dir='ltr'>amore,</span> 
     </span>
     <span class='ocr_line' id='line_1_27' title="bbox 142 2195 1140 2276; baseline 0.005 -21"><span class='ocrx_word' id='word_1_184' title='bbox 142 2196 218 2255; x_wconf 87' lang='lat' dir='ltr'>Exin</span> <span class='ocrx_word' id='word_1_185' title='bbox 238 2198 316 2256; x_wconf 92' lang='lat' dir='ltr'>bella</span> <span class='ocrx_word' id='word_1_186' title='bbox 334 2195 397 2256; x_wconf 91' lang='lat' dir='ltr'>viro</span> <span class='ocrx_word' id='word_1_187' title='bbox 420 2207 573 2268; x_wconf 88' lang='lat' dir='ltr'>memorat,</span> <span class='ocrx_word' id='word_1_188' title='bbox 595 2215 671 2272; x_wconf 91' lang='lat' dir='ltr'>quae</span> <span class='ocrx_word' id='word_1_189' title='bbox 693 2197 803 2257; x_wconf 92' lang='lat' dir='ltr'>deinde</span> <span class='ocrx_word' id='word_1_190' title='bbox 823 2197 960 2272; x_wconf 88' lang='lat' dir='ltr'>gerenda,</span> <span class='ocrx_word' id='word_1_191' title='bbox 1078 2204 1140 2276; x_wconf 85' lang='lat'>890</span> 
     </span>
     <span class='ocr_line' id='line_1_28' title="bbox 142 2277 924 2354; baseline -0.001 -18"><span class='ocrx_word' id='word_1_192' title='bbox 142 2279 361 2354; x_wconf 88' lang='lat' dir='ltr'>Laurentesque</span> <span class='ocrx_word' id='word_1_193' title='bbox 380 2278 470 2337; x_wconf 91' lang='lat' dir='ltr'>docet</span> <span class='ocrx_word' id='word_1_194' title='bbox 488 2278 615 2353; x_wconf 91' lang='lat' dir='ltr'>populos</span> <span class='ocrx_word' id='word_1_195' title='bbox 635 2277 797 2353; x_wconf 91' lang='lat' dir='ltr'>urbemque</span> <span class='ocrx_word' id='word_1_196' title='bbox 818 2277 924 2349; x_wconf 87' lang='lat' dir='ltr'>Latini,</span> 
     </span>
     <span class='ocr_line' id='line_1_29' title="bbox 142 2356 1030 2433; baseline 0.002 -18"><span class='ocrx_word' id='word_1_197' title='bbox 142 2357 181 2416; x_wconf 91' lang='lat' dir='ltr'>Et</span> <span class='ocrx_word' id='word_1_198' title='bbox 202 2376 262 2432; x_wconf 89' lang='lat' dir='ltr'>quo</span> <span class='ocrx_word' id='word_1_199' title='bbox 283 2377 434 2433; x_wconf 89' lang='lat' dir='ltr'>quemque</span> <span class='ocrx_word' id='word_1_200' title='bbox 454 2358 546 2416; x_wconf 90' lang='lat' dir='ltr'>modo</span> <span class='ocrx_word' id='word_1_201' title='bbox 568 2356 719 2433; x_wconf 91' lang='lat' dir='ltr'>fugiatque</span> <span class='ocrx_word' id='word_1_202' title='bbox 740 2358 870 2433; x_wconf 85' lang='lat' dir='ltr'>seratque</span> <span class='ocrx_word' id='word_1_203' title='bbox 890 2358 1030 2417; x_wconf 89' lang='lat' dir='ltr'>laborem.</span> 
     </span>
    </p>

    <p class='ocr_par' dir='ltr' id='par_1_3' title="bbox 64 2435 1129 3155">
     <span class='ocr_line' id='line_1_30' title="bbox 179 2435 1036 2514; baseline 0.002 -19"><span class='ocrx_word' id='word_1_204' title='bbox 179 2437 253 2496; x_wconf 92' lang='lat' dir='ltr'>Sunt</span> <span class='ocrx_word' id='word_1_205' title='bbox 273 2437 408 2514; x_wconf 90' lang='lat' dir='ltr'>geminae</span> <span class='ocrx_word' id='word_1_206' title='bbox 429 2435 532 2496; x_wconf 91' lang='lat' dir='ltr'>Somni</span> <span class='ocrx_word' id='word_1_207' title='bbox 552 2447 671 2512; x_wconf 88' lang='lat' dir='ltr'>portae:</span> <span class='ocrx_word' id='word_1_208' title='bbox 692 2456 815 2513; x_wconf 90' lang='lat' dir='ltr'>quarum</span> <span class='ocrx_word' id='word_1_209' title='bbox 836 2439 927 2497; x_wconf 92' lang='lat' dir='ltr'>altera</span> <span class='ocrx_word' id='word_1_210' title='bbox 946 2439 1036 2498; x_wconf 85' lang='lat' dir='ltr'>fertur</span> 
     </span>
     <span class='ocr_line' id='line_1_31' title="bbox 140 2515 931 2593; baseline 0.003 -18"><span class='ocrx_word' id='word_1_211' title='bbox 140 2518 266 2589; x_wconf 87' lang='lat' dir='ltr'>Comea‚</span> <span class='ocrx_word' id='word_1_212' title='bbox 288 2536 363 2593; x_wconf 88' lang='lat' dir='ltr'>quae</span> <span class='ocrx_word' id='word_1_213' title='bbox 384 2516 459 2576; x_wconf 92' lang='lat' dir='ltr'>veris</span> <span class='ocrx_word' id='word_1_214' title='bbox 479 2515 571 2576; x_wconf 81' lang='lat' dir='ltr'>facilis</span> <span class='ocrx_word' id='word_1_215' title='bbox 591 2519 678 2576; x_wconf 91' lang='lat' dir='ltr'>datur</span> <span class='ocrx_word' id='word_1_216' title='bbox 697 2517 791 2578; x_wconf 83' lang='lat' dir='ltr'>exitus</span> <span class='ocrx_word' id='word_1_217' title='bbox 811 2517 931 2593; x_wconf 87' lang='lat' dir='ltr'>umbris,</span> 
     </span>
     <span class='ocr_line' id='line_1_32' title="bbox 137 2597 1129 2680; baseline 0.004 -24"><span class='ocrx_word' id='word_1_218' title='bbox 137 2599 239 2657; x_wconf 88' lang='lat' dir='ltr'>Altera</span> <span class='ocrx_word' id='word_1_219' title='bbox 259 2597 398 2656; x_wconf 89' lang='lat' dir='ltr'>candenti</span> <span class='ocrx_word' id='word_1_220' title='bbox 418 2597 548 2673; x_wconf 82' lang='lat' dir='ltr'>perfecta</span> <span class='ocrx_word' id='word_1_221' title='bbox 568 2598 665 2657; x_wconf 92' lang='lat' dir='ltr'>nitens</span> <span class='ocrx_word' id='word_1_222' title='bbox 686 2599 853 2674; x_wconf 88' lang='lat' dir='ltr'>elephanto,</span> <span class='ocrx_word' id='word_1_223' title='bbox 1070 2605 1129 2680; x_wconf 82' lang='lat'>895</span> 
     </span>
     <span class='ocr_line' id='line_1_33' title="bbox 138 2676 929 2738; baseline 0.001 -1"><span class='ocrx_word' id='word_1_224' title='bbox 138 2679 197 2738; x_wconf 92' lang='lat' dir='ltr'>Sed</span> <span class='ocrx_word' id='word_1_225' title='bbox 217 2678 290 2738; x_wconf 90' lang='lat' dir='ltr'>falsa</span> <span class='ocrx_word' id='word_1_226' title='bbox 310 2679 349 2737; x_wconf 91' lang='lat' dir='ltr'>ad</span> <span class='ocrx_word' id='word_1_227' title='bbox 370 2678 485 2736; x_wconf 89' lang='lat' dir='ltr'>caelum</span> <span class='ocrx_word' id='word_1_228' title='bbox 506 2677 627 2737; x_wconf 87' lang='lat' dir='ltr'>mittunt</span> <span class='ocrx_word' id='word_1_229' title='bbox 646 2676 795 2738; x_wconf 90' lang='lat' dir='ltr'>insomnia</span> <span class='ocrx_word' id='word_1_230' title='bbox 816 2681 929 2738; x_wconf 81' lang='lat' dir='ltr'>Manes</span> 
     </span>
     <span class='ocr_line' id='line_1_34' title="bbox 64 2756 930 2836; baseline 0.002 -21"><span class='ocrx_word' id='word_1_231' title='bbox 64 2771 67 2780; x_wconf 88' lang='grc'><em>·</em></span> <span class='ocrx_word' id='word_1_232' title='bbox 138 2758 197 2818; x_wconf 91' lang='lat' dir='ltr'>His</span> <span class='ocrx_word' id='word_1_233' title='bbox 218 2757 259 2818; x_wconf 95' lang='lat' dir='ltr'>ibi</span> <span class='ocrx_word' id='word_1_234' title='bbox 278 2769 343 2818; x_wconf 93' lang='lat' dir='ltr'>tum</span> <span class='ocrx_word' id='word_1_235' title='bbox 364 2770 466 2817; x_wconf 88' lang='lat' dir='ltr'>natum</span> <span class='ocrx_word' id='word_1_236' title='bbox 486 2756 631 2818; x_wconf 90' lang='lat' dir='ltr'>Anchises</span> <span class='ocrx_word' id='word_1_237' title='bbox 651 2777 771 2834; x_wconf 92' lang='lat' dir='ltr'>unaque</span> <span class='ocrx_word' id='word_1_238' title='bbox 790 2758 930 2836; x_wconf 89' lang='lat' dir='ltr'>Sibyllam</span> 
     </span>
     <span class='ocr_line' id='line_1_35' title="bbox 137 2836 883 2914; baseline 0.001 -18"><span class='ocrx_word' id='word_1_239' title='bbox 137 2837 326 2914; x_wconf 91' lang='lat' dir='ltr'>Prosequitur</span> <span class='ocrx_word' id='word_1_240' title='bbox 346 2837 441 2909; x_wconf 89' lang='lat' dir='ltr'>dictis,</span> <span class='ocrx_word' id='word_1_241' title='bbox 463 2848 607 2914; x_wconf 88' lang='lat' dir='ltr'>portaque</span> <span class='ocrx_word' id='word_1_242' title='bbox 627 2836 734 2898; x_wconf 89' lang='lat' dir='ltr'>emittit</span> <span class='ocrx_word' id='word_1_243' title='bbox 754 2837 883 2898; x_wconf 89' lang='lat' dir='ltr'>eburna:</span> 
     </span>
     <span class='ocr_line' id='line_1_36' title="bbox 138 2916 885 2994; baseline 0 -17"><span class='ocrx_word' id='word_1_244' title='bbox 138 2918 194 2977; x_wconf 93' lang='lat' dir='ltr'>Ille</span> <span class='ocrx_word' id='word_1_245' title='bbox 214 2918 293 2977; x_wconf 91' lang='lat' dir='ltr'>viam</span> <span class='ocrx_word' id='word_1_246' title='bbox 314 2928 394 2978; x_wconf 90' lang='lat' dir='ltr'>secat</span> <span class='ocrx_word' id='word_1_247' title='bbox 414 2919 452 2978; x_wconf 90' lang='lat' dir='ltr'>ad</span> <span class='ocrx_word' id='word_1_248' title='bbox 473 2936 572 2990; x_wconf 87' lang='lat' dir='ltr'>naves,</span> <span class='ocrx_word' id='word_1_249' title='bbox 594 2916 750 2994; x_wconf 85' lang='lat' dir='ltr'>sociosque</span> <span class='ocrx_word' id='word_1_250' title='bbox 770 2918 885 2992; x_wconf 87' lang='lat' dir='ltr'>revisit;</span> 
     </span>
     <span class='ocr_line' id='line_1_37' title="bbox 135 2997 898 3073; baseline 0.003 -18"><span class='ocrx_word' id='word_1_251' title='bbox 135 2999 214 3055; x_wconf 90' lang='lat' dir='ltr'>Tum</span> <span class='ocrx_word' id='word_1_252' title='bbox 235 3017 267 3056; x_wconf 91' lang='lat' dir='ltr'>se</span> <span class='ocrx_word' id='word_1_253' title='bbox 287 2998 326 3057; x_wconf 87' lang='lat' dir='ltr'>ad</span> <span class='ocrx_word' id='word_1_254' title='bbox 348 2997 470 3058; x_wconf 88' lang='lat' dir='ltr'>Caietae</span> <span class='ocrx_word' id='word_1_255' title='bbox 489 3008 571 3057; x_wconf 90' lang='lat' dir='ltr'>recto</span> <span class='ocrx_word' id='word_1_256' title='bbox 591 2998 646 3056; x_wconf 84' lang='lat' dir='ltr'>sert</span> <span class='ocrx_word' id='word_1_257' title='bbox 667 2997 753 3058; x_wconf 88' lang='lat' dir='ltr'>litore</span> <span class='ocrx_word' id='word_1_258' title='bbox 773 3008 898 3073; x_wconf 84' lang='lat' dir='ltr'>portum.</span> 
     </span>
     <span class='ocr_line' id='line_1_38' title="bbox 136 3075 908 3155; baseline 0 -19"><span class='ocrx_word' id='word_1_259' title='bbox 136 3079 254 3136; x_wconf 89' lang='lat' dir='ltr'>Ancora</span> <span class='ocrx_word' id='word_1_260' title='bbox 275 3078 313 3136; x_wconf 92' lang='lat' dir='ltr'>de</span> <span class='ocrx_word' id='word_1_261' title='bbox 333 3095 420 3155; x_wconf 89' lang='lat' dir='ltr'>prora</span> <span class='ocrx_word' id='word_1_262' title='bbox 439 3076 560 3152; x_wconf 83' lang='lat' dir='ltr'>iacitur;</span> <span class='ocrx_word' id='word_1_263' title='bbox 582 3086 660 3136; x_wconf 85' lang='lat' dir='ltr'>stant</span> <span class='ocrx_word' id='word_1_264' title='bbox 680 3075 764 3136; x_wconf 89' lang='lat' dir='ltr'>litore</span> <span class='ocrx_word' id='word_1_265' title='bbox 784 3095 908 3153; x_wconf 91' lang='lat' dir='ltr'>puppes.</span> 
     </span>
    </p>
   </div>
   <div class='ocr_carea' id='block_1_3' title="bbox 0 0 1236 3678">
    <p class='ocr_par' dir='ltr' id='par_1_4' title="bbox 0 0 1236 3678">
     <span class='ocr_line' id='line_1_39' title="bbox 0 0 1236 3678; baseline 0 5"><span class='ocrx_word' id='word_1_266' title='bbox 0 0 1236 3678; x_wconf 95' lang='lat' dir='ltr'> </span> 
     </span>
    </p>
   </div>
  </div>
 </body>
</html>
