2494 3702
407 88 682 148 GEORGICON
695 91 779 148 ΠΒ.
803 91 829 147 I.
1057 103 1110 164 105

72 147 273 359 &ci-llus,
296 230 325 280 et
347 221 426 279 duris
447 239 573 296 urguens
594 220 625 278 in
645 222 732 280 rebus
753 179 921 296 ἔξω

141 320 216 359 nina
237 303 327 360 Ceres
348 302 423 360 ferro
444 301 581 360 mortales
602 312 714 359 vertere
736 311 841 359 terram

114 380 256 450 Instituit,
278 399 346 439 curn
367 380 426 438 iam
446 381 568 455 glandes
590 391 679 455 atque
700 382 804 439 arbuta
825 399 925 440 sacrae

114 461 285 520 Deficerent
306 460 395 520 silvae
417 471 446 519 et
466 460 576 519 victum
598 462 729 520 Dodona
749 472 876 535 negaret.

114 541 192 598 Mox
212 551 241 599 et
261 541 415 600 frumentis
435 541 519 600 labor
538 540 665 613 additus,
689 551 722 598 ut
742 543 821 598 mala
841 542 954 600 culmos
1053 559 1109 618 150

113 620 203 678 Esset
224 619 335 694 robig0,
357 620 514 695 segnisque
535 621 664 679 horreret
684 619 714 677 in
735 619 810 678 arvis

114 700 268 760 Carduus:
297 700 443 759 intereunt
464 711 586 775 segetes,
609 699 688 759 subit
708 719 811 774 aspera
832 698 913 771 silva,

112 781 296 854 Lappaeque
316 779 481 856 tribolique,
504 780 637 854 interque
659 779 782 839 nitentia
802 781 882 838 culta

113 859 223 918 Infelix
242 860 345 919 lolium
366 871 396 919 et
417 859 527 920 steriles
546 859 736 918 dominantur
755 878 874 918 avenae.

113 940 205 1014 Quod
227 939 284 998 nisi
305 951 335 999 et
354 939 485 1000 adsiduis
506 941 627 1000 herbam
641 939 824 998 insectabere
845 939 950 1012 rastris,
1051 959 1104 1017 155

113 1021 153 1077 Et
175 1018 275 1078 sonitu
296 1019 417 1078 terrebis
438 1039 515 1088 aves,
538 1031 567 1078 et
588 1019 659 1079 ruris
680 1019 767 1095 opaci

114 1101 205 1158 Falce
227 1119 343 1175 premes
363 1101 491 1172 umbraS,
513 1099 647 1174 votisque
669 1099 819 1158 vocaveris
840 1098 974 1171 imbrem,

113 1181 186 1237 Heu
207 1199 348 1255 magnum
370 1180 487 1239 alterius
507 1181 612 1239 frustra
631 1179 779 1255 spectabis
799 1198 944 1251 acervom,

113 1260 328 1334 Concussaque
349 1261 457 1318 samem
478 1259 509 1318 in
530 1260 609 1318 silvis
630 1260 763 1318 solabere
784 1277 903 1334 quercu.

154 1338 325 1398 Dicendum
347 1351 384 1410 et,
407 1359 483 1415 quae
504 1340 562 1398 sint
583 1339 661 1398 duris
682 1338 845 1415 agrestibus
866 1359 955 1410 arma,
1048 1343 1104 1399 160

112 1418 189 1493 Quis
211 1421 274 1479 sine
295 1439 350 1478 nec
371 1431 494 1496 potuere
515 1419 570 1480 seri
592 1438 648 1477 nec
669 1438 785 1495 surgere
806 1438 934 1478 messes:

110 1498 219 1558 Vomis
240 1511 270 1558 et
289 1498 387 1559 inflexi
408 1501 537 1575 primum
557 1518 644 1576 grave
665 1501 754 1558 robur
775 1497 860 1557 aratri

110 1581 271 1654 Tardaque
293 1579 451 1639 Eleusinae
472 1580 572 1638 matris
592 1579 741 1638 volventia
761 1580 898 1654 plaustra,

110 1659 292 1735 Tribulaque
313 1663 497 1736 traheaeque,
520 1670 550 1718 et
569 1658 672 1734 iniquo
694 1661 826 1735 pondere
846 1657 948 1732 rastri3

110 1739 222 1815 Virgea
242 1751 392 1815 praeterea
410 1741 494 1800 Celei
513 1739 637 1815 vilisque
658 1741 798 1814 supellex,
1047 1744 1100 1817 165

110 1821 262 1879 Arbuteae
283 1832 375 1880 crates
397 1831 426 1879 et
446 1819 568 1896 mystica
589 1839 702 1878 vannus
724 1818 831 1877 Iacchi.

110 1899 223 1959 Omnia
243 1919 319 1976 quae
339 1901 434 1960 multo
455 1911 524 1959 ante
544 1919 658 1958 memor
678 1899 794 1975 provisa
813 1917 947 1974 repones,

110 1978 142 2038 Si
163 1990 194 2038 te
215 1981 304 2056 digna
324 1990 425 2040 manet
445 1980 536 2040 divini
556 1979 647 2056 gloria
666 1981 749 2038 ruris.

111 2059 265 2120 Continuo
285 2060 316 2118 in
337 2060 415 2120 silvis
435 2079 543 2136 magna
563 2060 591 2118 vi
611 2061 686 2119 fiexa
706 2060 843 2119 domatur

110 2141 149 2198 In
170 2140 275 2214 burim,
297 2151 327 2200 et
347 2140 427 2199 curvi
447 2141 572 2199 sormam
592 2139 698 2215 accipit
719 2141 817 2198 ulmus
837 2138 930 2197 aratri.
1044 2156 1100 2214 170

111 2220 196 2279 Huic
216 2241 234 2280 a
255 2219 345 2296 stirpe
365 2222 457 2297 pedes
478 2231 558 2279 temo
579 2230 731 2295 protentus
752 2218 783 2276 in
804 2229 881 2287 oct0,

110 2301 203 2359 Binae
224 2320 316 2371 aures,
338 2300 454 2376 duplici
470 2310 608 2376 aptantur
628 2299 756 2359 dentalia
777 2299 873 2370 dorso,

109 2380 258 2456 Stivaque,
279 2400 355 2456 quae
376 2400 476 2440 currus
497 2401 514 2438 a
535 2391 617 2455 tergo
637 2389 773 2455 torqueat
793 2378 875 2438 imos.

110 2461 252 2521 Caeditur
272 2472 303 2520 et
323 2461 384 2520 tilia
404 2471 473 2519 ante
494 2459 562 2536 iugo
584 2459 655 2519 levis
676 2461 794 2534 altaque
814 2459 904 2534 fagus

110 2543 150 2600 Et
171 2559 315 2616 suspensa
335 2540 408 2600 focis
430 2542 561 2617 explorat
581 2541 687 2599 robora
707 2541 812 2596 fumus.
1043 2557 1095 2615 175
1130 2610 1141 2624 ἱ

150 2623 276 2680 Possum
298 2622 391 2680 multa
411 2620 465 2680 tibi
485 2631 617 2680 veterum
637 2631 794 2695 praecepta
815 2619 928 2689 referre,

109 2701 150 2758 Ni
170 2700 277 2776 refugis
297 2700 453 2776 tenuisque
473 2700 553 2776 piget
574 2718 752 2776 cognoscere
772 2717 864 2757 curas.

109 2784 188 2839 Area
208 2801 277 2839 cum
297 2780 398 2856 primis
419 2781 531 2856 ingenti
551 2780 706 2856 aequanda
726 2777 859 2854 cylindro

110 2863 150 2920 Et
170 2862 312 2920 vertenda
333 2879 421 2918 manu
442 2872 472 2920 et
492 2872 572 2918 creta
593 2859 748 2918 solidanda
768 2856 874 2928 tenaci,

109 2942 158 2999 Ne
178 2943 303 3000 subeant
323 2941 432 2999 herbae
453 2959 511 2999 neu
531 2943 651 3017 pulvere
671 2939 750 2998 victa
769 2937 890 3011 fatiscat,
1041 2937 1096 3012 180'

107 3022 188 3079 Tum
208 3019 304 3080 variae
324 3020 460 3079 inludant
480 3031 594 3095 pestes:
622 3038 710 3094 saepe
732 3017 852 3094 exiguus
873 3035 938 3076 mus

107 3101 169 3160 Sub
191 3100 272 3159 terris
293 3099 451 3176 posuitque
471 3100 578 3160 domos
598 3110 688 3175 atque
709 3099 811 3157 horrea
831 3097 908 3176 fecit,

107 3183 168 3238 Aut
189 3181 281 3239 oculis
303 3182 380 3255 capti
401 3181 501 3240 fodere
522 3179 628 3238 cubilia
649 3180 755 3253 talpae,
989 3249 991 3254 Α

109 3262 311 3335 Inventusque
333 3259 411 3318 cavis
433 3261 503 3318 bufo
525 3271 554 3317 et
575 3277 651 3334 quae
672 3257 799 3330 plurima
820 3266 912 3314 terrae

109 3340 246 3398 Monstra
267 3341 371 3410 ferunt,
394 3340 576 3413 populatque
596 3337 746 3410 ingentem
766 3333 846 3391 farris
867 3349 1001 3388 acervom
1039 3336 1092 3405 185
