<?xml version="1.0" encoding="UTF-8"?>
<!DOCTYPE html PUBLIC "-//W3C//DTD XHTML 1.0 Transitional//EN"
    "http://www.w3.org/TR/xhtml1/DTD/xhtml1-transitional.dtd">
<html xmlns="http://www.w3.org/1999/xhtml" xml:lang="en" lang="en">
 <head>
  <title>
</title>
<meta http-equiv="Content-Type" content="text/html;charset=utf-8" />
  <meta name='ocr-system' content='tesseract 3.04.00' />
  <meta name='ocr-capabilities' content='ocr_page ocr_carea ocr_par ocr_line ocrx_word'/>
</head>
<body>
  <div class='ocr_page' id='page_1' title='image "./pvergilimaronis13virggoog/pvergilimaronis13virggoog_0422.png"; bbox 0 0 2442 3686; ppageno 0'>
   <div class='ocr_carea' id='block_1_1' title="bbox 383 127 1096 200">
    <p class='ocr_par' dir='ltr' id='par_1_1' title="bbox 383 127 1096 200">
     <span class='ocr_line' id='line_1_1' title="bbox 383 127 1096 200; baseline -0.003 -14"><span class='ocrx_word' id='word_1_1' title='bbox 383 127 622 186; x_wconf 88' lang='lat' dir='ltr'><em>AENEIDOS</em></span> <span class='ocrx_word' id='word_1_2' title='bbox 646 127 732 186; x_wconf 85' lang='lat' dir='ltr'><em>LIB.</em></span> <span class='ocrx_word' id='word_1_3' title='bbox 758 127 835 184; x_wconf 89' lang='lat' dir='ltr'><em>XII.</em></span> <span class='ocrx_word' id='word_1_4' title='bbox 1038 145 1096 200; x_wconf 83' lang='lat'>413</span> 
     </span>
    </p>
   </div>
   <div class='ocr_carea' id='block_1_2' title="bbox 51 249 1096 3433">
    <p class='ocr_par' dir='ltr' id='par_1_2' title="bbox 51 249 1096 1603">
     <span class='ocr_line' id='line_1_2' title="bbox 89 249 849 329; baseline -0.001 -16"><span class='ocrx_word' id='word_1_5' title='bbox 89 251 172 313; x_wconf 86' lang='lat' dir='ltr'>‘Sit</span> <span class='ocrx_word' id='word_1_6' title='bbox 192 249 319 325; x_wconf 89' lang='lat' dir='ltr'>Latium,</span> <span class='ocrx_word' id='word_1_7' title='bbox 341 251 399 312; x_wconf 91' lang='lat' dir='ltr'>sint</span> <span class='ocrx_word' id='word_1_8' title='bbox 419 252 527 312; x_wconf 90' lang='lat' dir='ltr'>Albani</span> <span class='ocrx_word' id='word_1_9' title='bbox 547 271 600 329; x_wconf 89' lang='lat' dir='ltr'>per</span> <span class='ocrx_word' id='word_1_10' title='bbox 620 253 737 312; x_wconf 87' lang='lat' dir='ltr'>saecula</span> <span class='ocrx_word' id='word_1_11' title='bbox 757 271 849 329; x_wconf 86' lang='lat' dir='ltr'>reges,</span> 
     </span>
     <span class='ocr_line' id='line_1_3' title="bbox 92 332 845 409; baseline 0 -17"><span class='ocrx_word' id='word_1_12' title='bbox 92 332 171 392; x_wconf 89' lang='lat' dir='ltr'>‘Sit</span> <span class='ocrx_word' id='word_1_13' title='bbox 192 334 330 392; x_wconf 89' lang='lat' dir='ltr'>Romana</span> <span class='ocrx_word' id='word_1_14' title='bbox 349 343 455 408; x_wconf 90' lang='lat' dir='ltr'>potens</span> <span class='ocrx_word' id='word_1_15' title='bbox 477 333 553 392; x_wconf 87' lang='lat' dir='ltr'>Itala</span> <span class='ocrx_word' id='word_1_16' title='bbox 572 333 678 392; x_wconf 87' lang='lat' dir='ltr'>virtute</span> <span class='ocrx_word' id='word_1_17' title='bbox 698 351 830 409; x_wconf 85' lang='lat' dir='ltr'>propago</span> <span class='ocrx_word' id='word_1_18' title='bbox 836 353 845 406; x_wconf 91' lang='lat'>;</span> 
     </span>
     <span class='ocr_line' id='line_1_4' title="bbox 93 408 932 488; baseline -0.001 -15"><span class='ocrx_word' id='word_1_19' title='bbox 93 411 256 482; x_wconf 74' lang='lat' dir='ltr'>‘Occidit</span> <span class='ocrx_word' id='word_1_20' title='bbox 278 411 477 488; x_wconf 89' lang='lat' dir='ltr'>occideritque</span> <span class='ocrx_word' id='word_1_21' title='bbox 496 412 574 471; x_wconf 89' lang='lat' dir='ltr'>sinas</span> <span class='ocrx_word' id='word_1_22' title='bbox 594 430 663 471; x_wconf 91' lang='lat' dir='ltr'>cum</span> <span class='ocrx_word' id='word_1_23' title='bbox 683 413 804 472; x_wconf 91' lang='lat' dir='ltr'>nomine</span> <span class='ocrx_word' id='word_1_24' title='bbox 825 408 932 472; x_wconf 80' lang='lat' dir='ltr'>Troia’</span> 
     </span>
     <span class='ocr_line' id='line_1_5' title="bbox 94 491 858 568; baseline -0.003 -16"><span class='ocrx_word' id='word_1_25' title='bbox 94 491 170 552; x_wconf 88' lang='lat' dir='ltr'>Olli</span> <span class='ocrx_word' id='word_1_26' title='bbox 190 491 344 552; x_wconf 88' lang='lat' dir='ltr'>subridens</span> <span class='ocrx_word' id='word_1_27' title='bbox 365 492 518 551; x_wconf 91' lang='lat' dir='ltr'>hominum</span> <span class='ocrx_word' id='word_1_28' title='bbox 538 511 694 568; x_wconf 88' lang='lat' dir='ltr'>rerumque</span> <span class='ocrx_word' id='word_1_29' title='bbox 715 504 858 568; x_wconf 86' lang='lat' dir='ltr'>repertor:</span> 
     </span>
     <span class='ocr_line' id='line_1_6' title="bbox 95 571 1096 648; baseline -0.002 -18"><span class='ocrx_word' id='word_1_30' title='bbox 95 573 170 630; x_wconf 88' lang='lat' dir='ltr'>‘Es</span> <span class='ocrx_word' id='word_1_31' title='bbox 190 590 330 648; x_wconf 87' lang='lat' dir='ltr'>germana</span> <span class='ocrx_word' id='word_1_32' title='bbox 351 571 432 631; x_wconf 93' lang='lat' dir='ltr'>Iovis</span> <span class='ocrx_word' id='word_1_33' title='bbox 452 571 627 647; x_wconf 80' lang='lat' dir='ltr'>Saturnique</span> <span class='ocrx_word' id='word_1_34' title='bbox 648 573 739 630; x_wconf 89' lang='lat' dir='ltr'>altera</span> <span class='ocrx_word' id='word_1_35' title='bbox 758 573 869 648; x_wconf 88' lang='lat' dir='ltr'>proles:</span> <span class='ocrx_word' id='word_1_36' title='bbox 1038 571 1096 645; x_wconf 81' lang='lat'>830</span> 
     </span>
     <span class='ocr_line' id='line_1_7' title="bbox 97 650 831 726; baseline 0 -16"><span class='ocrx_word' id='word_1_37' title='bbox 97 654 242 710; x_wconf 87' lang='lat' dir='ltr'>‘Irarum</span> <span class='ocrx_word' id='word_1_38' title='bbox 262 661 361 710; x_wconf 89' lang='lat' dir='ltr'>tantos</span> <span class='ocrx_word' id='word_1_39' title='bbox 381 650 474 710; x_wconf 91' lang='lat' dir='ltr'>volvis</span> <span class='ocrx_word' id='word_1_40' title='bbox 494 652 550 710; x_wconf 90' lang='lat' dir='ltr'>sub</span> <span class='ocrx_word' id='word_1_41' title='bbox 571 662 690 726; x_wconf 88' lang='lat' dir='ltr'>pectore</span> <span class='ocrx_word' id='word_1_42' title='bbox 710 653 831 711; x_wconf 88' lang='lat' dir='ltr'>fluctus!</span> 
     </span>
     <span class='ocr_line' id='line_1_8' title="bbox 99 729 978 806; baseline 0.005 -18"><span class='ocrx_word' id='word_1_43' title='bbox 99 734 237 790; x_wconf 88' lang='lat' dir='ltr'>‘Verum</span> <span class='ocrx_word' id='word_1_44' title='bbox 258 749 311 806; x_wconf 85' lang='lat' dir='ltr'>age</span> <span class='ocrx_word' id='word_1_45' title='bbox 332 740 362 788; x_wconf 94' lang='lat' dir='ltr'>et</span> <span class='ocrx_word' id='word_1_46' title='bbox 382 729 532 806; x_wconf 89' lang='lat' dir='ltr'>inceptum</span> <span class='ocrx_word' id='word_1_47' title='bbox 553 731 657 790; x_wconf 79' lang='lat' dir='ltr'>frustra</span> <span class='ocrx_word' id='word_1_48' title='bbox 677 731 817 790; x_wconf 88' lang='lat' dir='ltr'>submitte</span> <span class='ocrx_word' id='word_1_49' title='bbox 837 732 978 792; x_wconf 83' lang='lat' dir='ltr'>furorem:</span> 
     </span>
     <span class='ocr_line' id='line_1_9' title="bbox 102 809 982 887; baseline 0.001 -18"><span class='ocrx_word' id='word_1_50' title='bbox 102 813 187 882; x_wconf 89' lang='lat' dir='ltr'>‘Do,</span> <span class='ocrx_word' id='word_1_51' title='bbox 209 809 362 886; x_wconf 87' lang='lat' dir='ltr'>quodvis,</span> <span class='ocrx_word' id='word_1_52' title='bbox 384 821 413 869; x_wconf 90' lang='lat' dir='ltr'>et</span> <span class='ocrx_word' id='word_1_53' title='bbox 434 829 482 869; x_wconf 91' lang='lat' dir='ltr'>me</span> <span class='ocrx_word' id='word_1_54' title='bbox 502 810 655 886; x_wconf 88' lang='lat' dir='ltr'>victusque</span> <span class='ocrx_word' id='word_1_55' title='bbox 674 811 836 887; x_wconf 86' lang='lat' dir='ltr'>volensque</span> <span class='ocrx_word' id='word_1_56' title='bbox 857 811 982 870; x_wconf 89' lang='lat' dir='ltr'>remitto.</span> 
     </span>
     <span class='ocr_line' id='line_1_10' title="bbox 51 889 942 966; baseline -0.001 -17"><span class='ocrx_word' id='word_1_57' title='bbox 51 911 67 923; x_wconf 90' lang='lat'>··</span> <span class='ocrx_word' id='word_1_58' title='bbox 103 893 299 949; x_wconf 87' lang='lat' dir='ltr'>‘Sermonem</span> <span class='ocrx_word' id='word_1_59' title='bbox 320 889 446 949; x_wconf 90' lang='lat' dir='ltr'>Ausonii</span> <span class='ocrx_word' id='word_1_60' title='bbox 466 889 593 966; x_wconf 90' lang='lat' dir='ltr'>patrium</span> <span class='ocrx_word' id='word_1_61' title='bbox 614 909 770 966; x_wconf 90' lang='lat' dir='ltr'>moresque</span> <span class='ocrx_word' id='word_1_62' title='bbox 791 892 942 961; x_wconf 88' lang='lat' dir='ltr'>tenebunt,</span> 
     </span>
     <span class='ocr_line' id='line_1_11' title="bbox 104 969 1094 1046; baseline -0.004 -16"><span class='ocrx_word' id='word_1_63' title='bbox 104 972 232 1045; x_wconf 88' lang='lat' dir='ltr'>‘thue</span> <span class='ocrx_word' id='word_1_64' title='bbox 253 979 297 1028; x_wconf 89' lang='lat' dir='ltr'>est</span> <span class='ocrx_word' id='word_1_65' title='bbox 318 988 427 1029; x_wconf 89' lang='lat' dir='ltr'>nomen</span> <span class='ocrx_word' id='word_1_66' title='bbox 449 969 515 1044; x_wconf 87' lang='lat' dir='ltr'>erit;</span> <span class='ocrx_word' id='word_1_67' title='bbox 536 969 688 1028; x_wconf 88' lang='lat' dir='ltr'>commixti</span> <span class='ocrx_word' id='word_1_68' title='bbox 708 989 831 1046; x_wconf 89' lang='lat' dir='ltr'>corpore</span> <span class='ocrx_word' id='word_1_69' title='bbox 851 981 967 1029; x_wconf 89' lang='lat' dir='ltr'>tantum</span> <span class='ocrx_word' id='word_1_70' title='bbox 1038 969 1094 1044; x_wconf 81' lang='lat'>835</span> 
     </span>
     <span class='ocr_line' id='line_1_12' title="bbox 105 1048 885 1125; baseline -0.003 -16"><span class='ocrx_word' id='word_1_71' title='bbox 105 1049 288 1109; x_wconf 84' lang='lat' dir='ltr'>‘Subsident</span> <span class='ocrx_word' id='word_1_72' title='bbox 308 1048 429 1109; x_wconf 89' lang='lat' dir='ltr'>Teucri:</span> <span class='ocrx_word' id='word_1_73' title='bbox 451 1068 564 1108; x_wconf 90' lang='lat' dir='ltr'>morem</span> <span class='ocrx_word' id='word_1_74' title='bbox 584 1049 715 1125; x_wconf 91' lang='lat' dir='ltr'>ritusque</span> <span class='ocrx_word' id='word_1_75' title='bbox 736 1068 885 1109; x_wconf 89' lang='lat' dir='ltr'>sacrorum</span> 
     </span>
     <span class='ocr_line' id='line_1_13' title="bbox 107 1127 903 1204; baseline 0.003 -17"><span class='ocrx_word' id='word_1_76' title='bbox 107 1128 290 1201; x_wconf 80' lang='lat' dir='ltr'>‘Adiiciam3</span> <span class='ocrx_word' id='word_1_77' title='bbox 310 1127 476 1204; x_wconf 85' lang='lat' dir='ltr'>faciamque</span> <span class='ocrx_word' id='word_1_78' title='bbox 497 1147 600 1188; x_wconf 91' lang='lat' dir='ltr'>omnes</span> <span class='ocrx_word' id='word_1_79' title='bbox 621 1148 682 1188; x_wconf 93' lang='lat' dir='ltr'>uno</span> <span class='ocrx_word' id='word_1_80' title='bbox 703 1148 753 1188; x_wconf 91' lang='lat' dir='ltr'>ore</span> <span class='ocrx_word' id='word_1_81' title='bbox 775 1129 903 1189; x_wconf 89' lang='lat' dir='ltr'>Latinos.</span> 
     </span>
     <span class='ocr_line' id='line_1_14' title="bbox 108 1207 1015 1286; baseline -0.001 -19"><span class='ocrx_word' id='word_1_82' title='bbox 108 1207 213 1268; x_wconf 90' lang='lat' dir='ltr'>‘Hinc</span> <span class='ocrx_word' id='word_1_83' title='bbox 232 1227 325 1284; x_wconf 90' lang='lat' dir='ltr'>genus</span> <span class='ocrx_word' id='word_1_84' title='bbox 345 1208 480 1267; x_wconf 92' lang='lat' dir='ltr'>Ausonio</span> <span class='ocrx_word' id='word_1_85' title='bbox 501 1208 626 1266; x_wconf 89' lang='lat' dir='ltr'>mixtum</span> <span class='ocrx_word' id='word_1_86' title='bbox 647 1209 727 1284; x_wconf 92' lang='lat' dir='ltr'>quod</span> <span class='ocrx_word' id='word_1_87' title='bbox 749 1208 890 1284; x_wconf 89' lang='lat' dir='ltr'>sanguine</span> <span class='ocrx_word' id='word_1_88' title='bbox 911 1219 1015 1286; x_wconf 87' lang='lat' dir='ltr'>surget,</span> 
     </span>
     <span class='ocr_line' id='line_1_15' title="bbox 107 1287 923 1364; baseline -0.001 -16"><span class='ocrx_word' id='word_1_89' title='bbox 107 1291 221 1363; x_wconf 85' lang='lat' dir='ltr'>‘Supra</span> <span class='ocrx_word' id='word_1_90' title='bbox 242 1287 385 1359; x_wconf 86' lang='lat' dir='ltr'>homines,</span> <span class='ocrx_word' id='word_1_91' title='bbox 408 1306 495 1364; x_wconf 91' lang='lat' dir='ltr'>supra</span> <span class='ocrx_word' id='word_1_92' title='bbox 515 1287 557 1347; x_wconf 92' lang='lat' dir='ltr'>ire</span> <span class='ocrx_word' id='word_1_93' title='bbox 578 1289 651 1348; x_wconf 88' lang='lat' dir='ltr'>deos</span> <span class='ocrx_word' id='word_1_94' title='bbox 671 1288 781 1364; x_wconf 89' lang='lat' dir='ltr'>pietate</span> <span class='ocrx_word' id='word_1_95' title='bbox 801 1287 923 1360; x_wconf 90' lang='lat' dir='ltr'>videbis,</span> 
     </span>
     <span class='ocr_line' id='line_1_16' title="bbox 107 1367 1096 1443; baseline -0.003 -16"><span class='ocrx_word' id='word_1_96' title='bbox 107 1369 195 1427; x_wconf 85' lang='lat' dir='ltr'>‘Nec</span> <span class='ocrx_word' id='word_1_97' title='bbox 215 1387 287 1443; x_wconf 88' lang='lat' dir='ltr'>gens</span> <span class='ocrx_word' id='word_1_98' title='bbox 307 1369 368 1426; x_wconf 93' lang='lat' dir='ltr'>ulla</span> <span class='ocrx_word' id='word_1_99' title='bbox 387 1377 454 1426; x_wconf 92' lang='lat' dir='ltr'>tuos</span> <span class='ocrx_word' id='word_1_100' title='bbox 473 1385 569 1443; x_wconf 92' lang='lat' dir='ltr'>aeque</span> <span class='ocrx_word' id='word_1_101' title='bbox 590 1367 750 1427; x_wconf 84' lang='lat' dir='ltr'>celebrabit</span> <span class='ocrx_word' id='word_1_102' title='bbox 770 1369 914 1428; x_wconf 68' lang='lat' dir='ltr'>honores!</span> <span class='ocrx_word' id='word_1_103' title='bbox 1038 1370 1096 1440; x_wconf 89' lang='lat'>840</span> 
     </span>
     <span class='ocr_line' id='line_1_17' title="bbox 106 1446 870 1519; baseline 0.001 -14"><span class='ocrx_word' id='word_1_104' title='bbox 106 1446 223 1506; x_wconf 87' lang='lat' dir='ltr'>Adnuit</span> <span class='ocrx_word' id='word_1_105' title='bbox 242 1447 287 1506; x_wconf 91' lang='lat' dir='ltr'>his</span> <span class='ocrx_word' id='word_1_106' title='bbox 309 1449 396 1519; x_wconf 88' lang='lat' dir='ltr'>Iuno,</span> <span class='ocrx_word' id='word_1_107' title='bbox 419 1457 449 1505; x_wconf 93' lang='lat' dir='ltr'>et</span> <span class='ocrx_word' id='word_1_108' title='bbox 470 1458 600 1505; x_wconf 88' lang='lat' dir='ltr'>mentem</span> <span class='ocrx_word' id='word_1_109' title='bbox 621 1448 729 1506; x_wconf 88' lang='lat' dir='ltr'>laetata</span> <span class='ocrx_word' id='word_1_110' title='bbox 748 1447 870 1507; x_wconf 84' lang='lat' dir='ltr'>retorsit</span> 
     </span>
     <span class='ocr_line' id='line_1_18' title="bbox 108 1526 833 1603; baseline 0 -17"><span class='ocrx_word' id='word_1_111' title='bbox 108 1529 227 1587; x_wconf 84' lang='lat' dir='ltr'>Interea</span> <span class='ocrx_word' id='word_1_112' title='bbox 247 1527 364 1586; x_wconf 87' lang='lat' dir='ltr'>excedit</span> <span class='ocrx_word' id='word_1_113' title='bbox 384 1527 476 1599; x_wconf 89' lang='lat' dir='ltr'>caelo,</span> <span class='ocrx_word' id='word_1_114' title='bbox 498 1527 669 1603; x_wconf 87' lang='lat' dir='ltr'>nubemque</span> <span class='ocrx_word' id='word_1_115' title='bbox 689 1526 833 1603; x_wconf 88' lang='lat' dir='ltr'>relinquit</span> 
     </span>
    </p>

    <p class='ocr_par' dir='ltr' id='par_1_3' title="bbox 55 1605 1011 3433">
     <span class='ocr_line' id='line_1_19' title="bbox 149 1605 977 1683; baseline 0.001 -18"><span class='ocrx_word' id='word_1_116' title='bbox 149 1606 208 1665; x_wconf 90' lang='lat' dir='ltr'>His</span> <span class='ocrx_word' id='word_1_117' title='bbox 227 1606 300 1666; x_wconf 89' lang='lat' dir='ltr'>actis</span> <span class='ocrx_word' id='word_1_118' title='bbox 320 1605 400 1664; x_wconf 90' lang='lat' dir='ltr'>aliud</span> <span class='ocrx_word' id='word_1_119' title='bbox 422 1605 546 1666; x_wconf 85' lang='lat' dir='ltr'>Genitor</span> <span class='ocrx_word' id='word_1_120' title='bbox 564 1625 665 1665; x_wconf 89' lang='lat' dir='ltr'>secum</span> <span class='ocrx_word' id='word_1_121' title='bbox 686 1606 749 1683; x_wconf 92' lang='lat' dir='ltr'>ipse</span> <span class='ocrx_word' id='word_1_122' title='bbox 769 1609 890 1682; x_wconf 88' lang='lat' dir='ltr'>volutat,</span> <span class='ocrx_word' id='word_1_123' title='bbox 974 1649 977 1654; x_wconf 84' lang='lat'>-</span> 
     </span>
     <span class='ocr_line' id='line_1_20' title="bbox 108 1685 877 1762; baseline 0.003 -18"><span class='ocrx_word' id='word_1_124' title='bbox 108 1688 321 1762; x_wconf 90' lang='lat' dir='ltr'>Iutumamque</span> <span class='ocrx_word' id='word_1_125' title='bbox 341 1696 424 1761; x_wconf 89' lang='lat' dir='ltr'>parat</span> <span class='ocrx_word' id='word_1_126' title='bbox 442 1685 536 1745; x_wconf 80' lang='lat' dir='ltr'>fratris</span> <span class='ocrx_word' id='word_1_127' title='bbox 557 1686 703 1746; x_wconf 89' lang='lat' dir='ltr'>dimittere</span> <span class='ocrx_word' id='word_1_128' title='bbox 722 1688 762 1746; x_wconf 93' lang='lat' dir='ltr'>ab</span> <span class='ocrx_word' id='word_1_129' title='bbox 782 1687 877 1747; x_wconf 89' lang='lat' dir='ltr'>annis.</span> 
     </span>
     <span class='ocr_line' id='line_1_21' title="bbox 107 1765 844 1842; baseline 0 -17"><span class='ocrx_word' id='word_1_130' title='bbox 107 1765 257 1825; x_wconf 89' lang='lat' dir='ltr'>Dicuntur</span> <span class='ocrx_word' id='word_1_131' title='bbox 275 1765 409 1841; x_wconf 89' lang='lat' dir='ltr'>geminae</span> <span class='ocrx_word' id='word_1_132' title='bbox 430 1777 527 1841; x_wconf 91' lang='lat' dir='ltr'>pestes</span> <span class='ocrx_word' id='word_1_133' title='bbox 547 1767 724 1842; x_wconf 86' lang='lat' dir='ltr'>cognomine</span> <span class='ocrx_word' id='word_1_134' title='bbox 745 1766 844 1838; x_wconf 85' lang='lat' dir='ltr'>Dirae,</span> 
     </span>
     <span class='ocr_line' id='line_1_22' title="bbox 107 1844 911 1921; baseline 0 -17"><span class='ocrx_word' id='word_1_135' title='bbox 107 1848 192 1921; x_wconf 92' lang='lat' dir='ltr'>Quas</span> <span class='ocrx_word' id='word_1_136' title='bbox 213 1856 242 1904; x_wconf 94' lang='lat' dir='ltr'>et</span> <span class='ocrx_word' id='word_1_137' title='bbox 261 1848 431 1904; x_wconf 84' lang='lat' dir='ltr'>Tartaream</span> <span class='ocrx_word' id='word_1_138' title='bbox 453 1847 522 1904; x_wconf 90' lang='lat' dir='ltr'>Nox</span> <span class='ocrx_word' id='word_1_139' title='bbox 543 1844 720 1920; x_wconf 89' lang='lat' dir='ltr'>intempesta</span> <span class='ocrx_word' id='word_1_140' title='bbox 742 1848 911 1921; x_wconf 88' lang='lat' dir='ltr'>Megaeram</span> 
     </span>
     <span class='ocr_line' id='line_1_23' title="bbox 107 1923 908 2001; baseline -0.001 -16"><span class='ocrx_word' id='word_1_141' title='bbox 107 1927 181 1985; x_wconf 90' lang='lat' dir='ltr'>Uno</span> <span class='ocrx_word' id='word_1_142' title='bbox 201 1925 367 2001; x_wconf 89' lang='lat' dir='ltr'>eodemque</span> <span class='ocrx_word' id='word_1_143' title='bbox 387 1923 454 1984; x_wconf 90' lang='lat' dir='ltr'>tulit</span> <span class='ocrx_word' id='word_1_144' title='bbox 473 1934 566 2000; x_wconf 88' lang='lat' dir='ltr'>partu,</span> <span class='ocrx_word' id='word_1_145' title='bbox 589 1923 766 2000; x_wconf 87' lang='lat' dir='ltr'>paribusque</span> <span class='ocrx_word' id='word_1_146' title='bbox 786 1925 908 1984; x_wconf 87' lang='lat' dir='ltr'>revinxit</span> 
     </span>
     <span class='ocr_line' id='line_1_24' title="bbox 107 2003 839 2081; baseline -0.003 -17"><span class='ocrx_word' id='word_1_147' title='bbox 107 2007 283 2081; x_wconf 89' lang='lat' dir='ltr'>Serpentum</span> <span class='ocrx_word' id='word_1_148' title='bbox 304 2003 397 2080; x_wconf 87' lang='lat' dir='ltr'>spiris,</span> <span class='ocrx_word' id='word_1_149' title='bbox 418 2014 615 2080; x_wconf 89' lang='lat' dir='ltr'>ventosasque</span> <span class='ocrx_word' id='word_1_150' title='bbox 636 2003 751 2064; x_wconf 89' lang='lat' dir='ltr'>addidit</span> <span class='ocrx_word' id='word_1_151' title='bbox 771 2006 839 2063; x_wconf 81' lang='lat' dir='ltr'>alas.</span> 
     </span>
     <span class='ocr_line' id='line_1_25' title="bbox 107 2083 894 2160; baseline 0 -16"><span class='ocrx_word' id='word_1_152' title='bbox 107 2087 179 2144; x_wconf 90' lang='lat' dir='ltr'>Hae</span> <span class='ocrx_word' id='word_1_153' title='bbox 201 2083 280 2144; x_wconf 87' lang='lat' dir='ltr'>Iovis</span> <span class='ocrx_word' id='word_1_154' title='bbox 301 2084 338 2143; x_wconf 96' lang='lat' dir='ltr'>ad</span> <span class='ocrx_word' id='word_1_155' title='bbox 360 2083 466 2143; x_wconf 91' lang='lat' dir='ltr'>solium</span> <span class='ocrx_word' id='word_1_156' title='bbox 488 2083 626 2160; x_wconf 83' lang='lat' dir='ltr'>saevique</span> <span class='ocrx_word' id='word_1_157' title='bbox 646 2083 676 2141; x_wconf 93' lang='lat' dir='ltr'>in</span> <span class='ocrx_word' id='word_1_158' title='bbox 697 2083 799 2143; x_wconf 89' lang='lat' dir='ltr'>limine</span> <span class='ocrx_word' id='word_1_159' title='bbox 818 2084 894 2160; x_wconf 86' lang='lat' dir='ltr'>regis</span> 
     </span>
     <span class='ocr_line' id='line_1_26' title="bbox 106 2163 908 2240; baseline 0 -17"><span class='ocrx_word' id='word_1_160' title='bbox 106 2164 269 2240; x_wconf 88' lang='lat' dir='ltr'>Adparent,</span> <span class='ocrx_word' id='word_1_161' title='bbox 289 2174 460 2239; x_wconf 84' lang='lat' dir='ltr'>acuuntque</span> <span class='ocrx_word' id='word_1_162' title='bbox 480 2174 593 2222; x_wconf 91' lang='lat' dir='ltr'>metum</span> <span class='ocrx_word' id='word_1_163' title='bbox 613 2163 785 2223; x_wconf 86' lang='lat' dir='ltr'>mortalibus</span> <span class='ocrx_word' id='word_1_164' title='bbox 805 2164 908 2240; x_wconf 90' lang='lat' dir='ltr'>aegris,</span> 
     </span>
     <span class='ocr_line' id='line_1_27' title="bbox 107 2242 958 2320; baseline 0 -17"><span class='ocrx_word' id='word_1_165' title='bbox 107 2243 138 2304; x_wconf 90' lang='lat' dir='ltr'>Si</span> <span class='ocrx_word' id='word_1_166' title='bbox 159 2245 280 2320; x_wconf 88' lang='lat' dir='ltr'>quando</span> <span class='ocrx_word' id='word_1_167' title='bbox 300 2245 391 2302; x_wconf 90' lang='lat' dir='ltr'>letum</span> <span class='ocrx_word' id='word_1_168' title='bbox 412 2242 578 2302; x_wconf 85' lang='lat' dir='ltr'>horrificum</span> <span class='ocrx_word' id='word_1_169' title='bbox 600 2245 779 2319; x_wconf 87' lang='lat' dir='ltr'>morbosque</span> <span class='ocrx_word' id='word_1_170' title='bbox 798 2244 888 2303; x_wconf 90' lang='lat' dir='ltr'>deum</span> <span class='ocrx_word' id='word_1_171' title='bbox 908 2263 958 2303; x_wconf 89' lang='lat' dir='ltr'>rex</span> 
     </span>
     <span class='ocr_line' id='line_1_28' title="bbox 108 2321 795 2397; baseline -0.001 -14"><span class='ocrx_word' id='word_1_172' title='bbox 108 2322 241 2397; x_wconf 92' lang='lat' dir='ltr'>Molitur,</span> <span class='ocrx_word' id='word_1_173' title='bbox 262 2322 379 2382; x_wconf 87' lang='lat' dir='ltr'>meritas</span> <span class='ocrx_word' id='word_1_174' title='bbox 400 2333 450 2381; x_wconf 90' lang='lat' dir='ltr'>aut</span> <span class='ocrx_word' id='word_1_175' title='bbox 471 2323 550 2382; x_wconf 89' lang='lat' dir='ltr'>bello</span> <span class='ocrx_word' id='word_1_176' title='bbox 572 2321 681 2382; x_wconf 89' lang='lat' dir='ltr'>territat</span> <span class='ocrx_word' id='word_1_177' title='bbox 702 2325 795 2383; x_wconf 87' lang='lat' dir='ltr'>urbes.</span> 
     </span>
     <span class='ocr_line' id='line_1_29' title="bbox 107 2402 957 2464; baseline 0.002 -2"><span class='ocrx_word' id='word_1_178' title='bbox 107 2405 226 2462; x_wconf 89' lang='lat' dir='ltr'>Harum</span> <span class='ocrx_word' id='word_1_179' title='bbox 247 2422 337 2461; x_wconf 89' lang='lat' dir='ltr'>unam</span> <span class='ocrx_word' id='word_1_180' title='bbox 358 2404 484 2461; x_wconf 90' lang='lat' dir='ltr'>celerem</span> <span class='ocrx_word' id='word_1_181' title='bbox 505 2402 622 2461; x_wconf 89' lang='lat' dir='ltr'>demisit</span> <span class='ocrx_word' id='word_1_182' title='bbox 642 2404 682 2462; x_wconf 93' lang='lat' dir='ltr'>ab</span> <span class='ocrx_word' id='word_1_183' title='bbox 702 2404 820 2464; x_wconf 87' lang='lat' dir='ltr'>aethere</span> <span class='ocrx_word' id='word_1_184' title='bbox 840 2423 957 2464; x_wconf 90' lang='lat' dir='ltr'>summo</span> 
     </span>
     <span class='ocr_line' id='line_1_30' title="bbox 108 2482 915 2558; baseline 0.001 -16"><span class='ocrx_word' id='word_1_185' title='bbox 108 2483 251 2558; x_wconf 91' lang='lat' dir='ltr'>Iuppiter,</span> <span class='ocrx_word' id='word_1_186' title='bbox 272 2482 362 2558; x_wconf 91' lang='lat' dir='ltr'>inque</span> <span class='ocrx_word' id='word_1_187' title='bbox 382 2501 471 2541; x_wconf 92' lang='lat' dir='ltr'>omen</span> <span class='ocrx_word' id='word_1_188' title='bbox 493 2484 633 2542; x_wconf 87' lang='lat' dir='ltr'>Iuturnae</span> <span class='ocrx_word' id='word_1_189' title='bbox 654 2501 804 2543; x_wconf 87' lang='lat' dir='ltr'>occurrere</span> <span class='ocrx_word' id='word_1_190' title='bbox 825 2483 915 2544; x_wconf 85' lang='lat' dir='ltr'>iussit</span> 
     </span>
     <span class='ocr_line' id='line_1_31' title="bbox 108 2561 880 2637; baseline 0.003 -16"><span class='ocrx_word' id='word_1_191' title='bbox 108 2564 165 2622; x_wconf 91' lang='lat' dir='ltr'>Illa</span> <span class='ocrx_word' id='word_1_192' title='bbox 185 2564 272 2635; x_wconf 85' lang='lat' dir='ltr'>volat,</span> <span class='ocrx_word' id='word_1_193' title='bbox 294 2561 440 2637; x_wconf 91' lang='lat' dir='ltr'>celerique</span> <span class='ocrx_word' id='word_1_194' title='bbox 461 2562 499 2620; x_wconf 91' lang='lat' dir='ltr'>ad</span> <span class='ocrx_word' id='word_1_195' title='bbox 522 2573 627 2621; x_wconf 89' lang='lat' dir='ltr'>terram</span> <span class='ocrx_word' id='word_1_196' title='bbox 647 2563 763 2622; x_wconf 91' lang='lat' dir='ltr'>turbine</span> <span class='ocrx_word' id='word_1_197' title='bbox 784 2565 880 2624; x_wconf 85' lang='lat' dir='ltr'>fertur.</span> 
     </span>
     <span class='ocr_line' id='line_1_32' title="bbox 107 2642 935 2719; baseline 0.001 -18"><span class='ocrx_word' id='word_1_198' title='bbox 107 2644 180 2701; x_wconf 91' lang='lat' dir='ltr'>Non</span> <span class='ocrx_word' id='word_1_199' title='bbox 201 2661 294 2715; x_wconf 90' lang='lat' dir='ltr'>secus,</span> <span class='ocrx_word' id='word_1_200' title='bbox 316 2660 351 2700; x_wconf 92' lang='lat' dir='ltr'>ac</span> <span class='ocrx_word' id='word_1_201' title='bbox 371 2660 462 2700; x_wconf 91' lang='lat' dir='ltr'>nervo</span> <span class='ocrx_word' id='word_1_202' title='bbox 482 2661 535 2717; x_wconf 92' lang='lat' dir='ltr'>per</span> <span class='ocrx_word' id='word_1_203' title='bbox 554 2644 665 2700; x_wconf 90' lang='lat' dir='ltr'>nubem</span> <span class='ocrx_word' id='word_1_204' title='bbox 687 2642 802 2718; x_wconf 86' lang='lat' dir='ltr'>inpulsa</span> <span class='ocrx_word' id='word_1_205' title='bbox 822 2643 935 2719; x_wconf 86' lang='lat' dir='ltr'>sagitta,</span> 
     </span>
     <span class='ocr_line' id='line_1_33' title="bbox 106 2720 836 2796; baseline -0.001 -15"><span class='ocrx_word' id='word_1_206' title='bbox 106 2725 259 2781; x_wconf 89' lang='lat' dir='ltr'>Armatam</span> <span class='ocrx_word' id='word_1_207' title='bbox 280 2720 358 2780; x_wconf 90' lang='lat' dir='ltr'>saevi</span> <span class='ocrx_word' id='word_1_208' title='bbox 380 2721 504 2779; x_wconf 88' lang='lat' dir='ltr'>Parthus</span> <span class='ocrx_word' id='word_1_209' title='bbox 525 2739 614 2796; x_wconf 88' lang='lat' dir='ltr'>quarn</span> <span class='ocrx_word' id='word_1_210' title='bbox 635 2722 702 2780; x_wconf 86' lang='lat' dir='ltr'>selle</span> <span class='ocrx_word' id='word_1_211' title='bbox 722 2721 836 2793; x_wconf 91' lang='lat' dir='ltr'>veneni,</span> 
     </span>
     <span class='ocr_line' id='line_1_34' title="bbox 107 2799 925 2876; baseline 0 -16"><span class='ocrx_word' id='word_1_212' title='bbox 107 2802 241 2873; x_wconf 90' lang='lat' dir='ltr'>Parthus,</span> <span class='ocrx_word' id='word_1_213' title='bbox 263 2800 324 2860; x_wconf 91' lang='lat' dir='ltr'>sive</span> <span class='ocrx_word' id='word_1_214' title='bbox 345 2801 461 2876; x_wconf 90' lang='lat' dir='ltr'>Cydon,</span> <span class='ocrx_word' id='word_1_215' title='bbox 482 2802 574 2860; x_wconf 90' lang='lat' dir='ltr'>telum</span> <span class='ocrx_word' id='word_1_216' title='bbox 596 2799 811 2872; x_wconf 89' lang='lat' dir='ltr'>inmedicabile,</span> <span class='ocrx_word' id='word_1_217' title='bbox 833 2801 925 2876; x_wconf 92' lang='lat' dir='ltr'>torsit,</span> 
     </span>
     <span class='ocr_line' id='line_1_35' title="bbox 106 2879 961 2956; baseline 0.002 -16"><span class='ocrx_word' id='word_1_218' title='bbox 106 2879 238 2940; x_wconf 87' lang='lat' dir='ltr'>Stridens</span> <span class='ocrx_word' id='word_1_219' title='bbox 259 2891 289 2939; x_wconf 91' lang='lat' dir='ltr'>et</span> <span class='ocrx_word' id='word_1_220' title='bbox 309 2881 418 2939; x_wconf 90' lang='lat' dir='ltr'>celeres</span> <span class='ocrx_word' id='word_1_221' title='bbox 439 2879 588 2956; x_wconf 80' lang='lat' dir='ltr'>incognita</span> <span class='ocrx_word' id='word_1_222' title='bbox 608 2879 731 2939; x_wconf 88' lang='lat' dir='ltr'>transilit</span> <span class='ocrx_word' id='word_1_223' title='bbox 752 2883 883 2942; x_wconf 89' lang='lat' dir='ltr'>umbras:</span> <span class='ocrx_word' id='word_1_224' title='bbox 955 2905 961 2913; x_wconf 93' lang='lat'><em>·</em></span> 
     </span>
     <span class='ocr_line' id='line_1_36' title="bbox 106 2959 837 3035; baseline 0.003 -17"><span class='ocrx_word' id='word_1_225' title='bbox 106 2959 188 3018; x_wconf 88' lang='lat' dir='ltr'>Talis</span> <span class='ocrx_word' id='word_1_226' title='bbox 209 2978 241 3018; x_wconf 92' lang='lat' dir='ltr'>se</span> <span class='ocrx_word' id='word_1_227' title='bbox 262 2971 325 3019; x_wconf 86' lang='lat' dir='ltr'>sata</span> <span class='ocrx_word' id='word_1_228' title='bbox 346 2961 442 3018; x_wconf 91' lang='lat' dir='ltr'>Nocte</span> <span class='ocrx_word' id='word_1_229' title='bbox 463 2959 537 3030; x_wconf 90' lang='lat' dir='ltr'>tulit,</span> <span class='ocrx_word' id='word_1_230' title='bbox 559 2969 707 3035; x_wconf 75' lang='lat' dir='ltr'>terrasque</span> <span class='ocrx_word' id='word_1_231' title='bbox 727 2959 837 3035; x_wconf 88' lang='lat' dir='ltr'>petivit.</span> 
     </span>
     <span class='ocr_line' id='line_1_37' title="bbox 107 3038 964 3116; baseline 0.002 -18"><span class='ocrx_word' id='word_1_232' title='bbox 107 3041 269 3115; x_wconf 87' lang='lat' dir='ltr'>Postquam</span> <span class='ocrx_word' id='word_1_233' title='bbox 290 3039 367 3098; x_wconf 90' lang='lat' dir='ltr'>acies</span> <span class='ocrx_word' id='word_1_234' title='bbox 388 3039 469 3097; x_wconf 89' lang='lat' dir='ltr'>videt</span> <span class='ocrx_word' id='word_1_235' title='bbox 491 3038 595 3097; x_wconf 88' lang='lat' dir='ltr'>Iliacas</span> <span class='ocrx_word' id='word_1_236' title='bbox 615 3050 705 3114; x_wconf 89' lang='lat' dir='ltr'>atque</span> <span class='ocrx_word' id='word_1_237' title='bbox 725 3039 843 3116; x_wconf 86' lang='lat' dir='ltr'>agmina</span> <span class='ocrx_word' id='word_1_238' title='bbox 863 3039 964 3115; x_wconf 85' lang='lat' dir='ltr'>Turni,</span> 
     </span>
     <span class='ocr_line' id='line_1_38' title="bbox 106 3117 1011 3194; baseline 0 -16"><span class='ocrx_word' id='word_1_239' title='bbox 106 3118 193 3178; x_wconf 89' lang='lat' dir='ltr'>Alitis</span> <span class='ocrx_word' id='word_1_240' title='bbox 214 3117 244 3177; x_wconf 92' lang='lat' dir='ltr'>in</span> <span class='ocrx_word' id='word_1_241' title='bbox 264 3136 371 3194; x_wconf 86' lang='lat' dir='ltr'>parvae</span> <span class='ocrx_word' id='word_1_242' title='bbox 392 3117 520 3178; x_wconf 85' lang='lat' dir='ltr'>subitam</span> <span class='ocrx_word' id='word_1_243' title='bbox 541 3119 664 3178; x_wconf 86' lang='lat' dir='ltr'>collecta</span> <span class='ocrx_word' id='word_1_244' title='bbox 685 3119 814 3194; x_wconf 88' lang='lat' dir='ltr'>figuram,</span> <span class='ocrx_word' id='word_1_245' title='bbox 1009 3129 1011 3132; x_wconf 83' lang='lat'>&#39;</span> 
     </span>
     <span class='ocr_line' id='line_1_39' title="bbox 108 3196 945 3274; baseline 0.004 -17"><span class='ocrx_word' id='word_1_246' title='bbox 108 3199 193 3273; x_wconf 86' lang='lat' dir='ltr'>Quae</span> <span class='ocrx_word' id='word_1_247' title='bbox 214 3200 366 3274; x_wconf 87' lang='lat' dir='ltr'>quondam</span> <span class='ocrx_word' id='word_1_248' title='bbox 387 3196 417 3256; x_wconf 90' lang='lat' dir='ltr'>in</span> <span class='ocrx_word' id='word_1_249' title='bbox 438 3198 531 3257; x_wconf 90' lang='lat' dir='ltr'>bustis</span> <span class='ocrx_word' id='word_1_250' title='bbox 552 3208 603 3256; x_wconf 88' lang='lat' dir='ltr'>aut</span> <span class='ocrx_word' id='word_1_251' title='bbox 624 3199 802 3259; x_wconf 89' lang='lat' dir='ltr'>culminibus</span> <span class='ocrx_word' id='word_1_252' title='bbox 822 3200 945 3260; x_wconf 87' lang='lat' dir='ltr'>desertis</span> 
     </span>
     <span class='ocr_line' id='line_1_40' title="bbox 108 3277 949 3355; baseline 0.002 -19"><span class='ocrx_word' id='word_1_253' title='bbox 108 3279 206 3338; x_wconf 91' lang='lat' dir='ltr'>Nocte</span> <span class='ocrx_word' id='word_1_254' title='bbox 227 3279 332 3337; x_wconf 89' lang='lat' dir='ltr'>sedens</span> <span class='ocrx_word' id='word_1_255' title='bbox 353 3295 450 3336; x_wconf 89' lang='lat' dir='ltr'>serum</span> <span class='ocrx_word' id='word_1_256' title='bbox 470 3277 550 3336; x_wconf 85' lang='lat' dir='ltr'>canit</span> <span class='ocrx_word' id='word_1_257' title='bbox 570 3277 726 3352; x_wconf 85' lang='lat' dir='ltr'>inportuna</span> <span class='ocrx_word' id='word_1_258' title='bbox 746 3297 799 3355; x_wconf 89' lang='lat' dir='ltr'>per</span> <span class='ocrx_word' id='word_1_259' title='bbox 817 3281 935 3339; x_wconf 83' lang='lat' dir='ltr'>umbras</span> <span class='ocrx_word' id='word_1_260' title='bbox 939 3301 949 3355; x_wconf 86' lang='lat'>;</span> 
     </span>
     <span class='ocr_line' id='line_1_41' title="bbox 55 3356 887 3433; baseline 0.007 -22"><span class='ocrx_word' id='word_1_261' title='bbox 55 3397 61 3411; x_wconf 94' lang='lat'><strong>.</strong></span> <span class='ocrx_word' id='word_1_262' title='bbox 110 3359 201 3416; x_wconf 90' lang='lat' dir='ltr'>Hanc</span> <span class='ocrx_word' id='word_1_263' title='bbox 220 3377 305 3416; x_wconf 88' lang='lat' dir='ltr'>versa</span> <span class='ocrx_word' id='word_1_264' title='bbox 324 3356 355 3416; x_wconf 94' lang='lat' dir='ltr'>in</span> <span class='ocrx_word' id='word_1_265' title='bbox 375 3357 480 3415; x_wconf 86' lang='lat' dir='ltr'>faciem</span> <span class='ocrx_word' id='word_1_266' title='bbox 500 3357 593 3415; x_wconf 89' lang='lat' dir='ltr'>Turni</span> <span class='ocrx_word' id='word_1_267' title='bbox 614 3376 645 3416; x_wconf 89' lang='lat' dir='ltr'>se</span> <span class='ocrx_word' id='word_1_268' title='bbox 665 3358 756 3433; x_wconf 89' lang='lat' dir='ltr'>pestis</span> <span class='ocrx_word' id='word_1_269' title='bbox 777 3359 816 3417; x_wconf 93' lang='lat' dir='ltr'>ob</span> <span class='ocrx_word' id='word_1_270' title='bbox 837 3377 887 3417; x_wconf 91' lang='lat' dir='ltr'>ora</span> 
     </span>
    </p>
   </div>
   <div class='ocr_carea' id='block_1_3' title="bbox 0 0 1232 3686">
    <p class='ocr_par' dir='ltr' id='par_1_4' title="bbox 0 0 1232 3686">
     <span class='ocr_line' id='line_1_42' title="bbox 0 0 1232 3686; baseline 0 0"><span class='ocrx_word' id='word_1_271' title='bbox 0 0 1232 3686; x_wconf 95' lang='lat' dir='ltr'> </span> 
     </span>
    </p>
   </div>
  </div>
 </body>
</html>
