2460 3686
398 88 638 148 AENEIDOS
663 88 748 146 LIB.
786 91 815 146 V.

94 213 308 287 Dardanidae,
330 213 474 290 reddique
492 213 556 275 viro
577 213 721 292 promissa
740 214 890 278 iubebant

94 294 172 353 Hic
191 293 286 372 gravis
308 295 457 354 Entellum
478 293 564 354 dictis
586 295 709 371 castigat
728 299 860 367 Acestes,

95 374 264 434 Proximus
284 385 317 434 ut
337 373 481 435 viridante
502 385 568 434 toro
588 376 763 436 consederat
783 377 911 440 herbae:

98 456 255 526 ‘Entelle,
276 456 400 514 heroum
421 456 574 531 quondam
594 455 751 516 fortissime
771 458 885 530 frustra,

98 537 266 594 ‘Tantane
287 547 347 595 tam
368 535 484 611 patiens
504 537 586 595 nullo
607 535 767 596 certamine
787 537 851 597 tolli
1047 559 1106 616 390

98 617 219 675 ‘Dona
240 615 340 675 sines?
369 615 422 675 ubi
442 634 522 675 nunc
541 615 628 675 nobis
649 618 723 676 deus
743 617 800 689 ille,
823 617 962 694 magister

99 695 320 772 ‘Nequiquam
341 707 529 767 memoratus,
553 698 654 774 Eryx?
680 697 732 756 ubi
753 699 831 756 sarna
851 718 904 774 per
924 717 1044 758 omnem

100 775 319 846 ‘Trinacriam
341 786 372 835 et
392 775 488 851 spolia
507 774 557 833 illa
577 776 635 835 tuis
656 777 817 853 pendentia
838 777 958 837 tectis?’

97 857 164 914 Ille
185 858 240 916 sub
261 858 352 917 haec:
384 858 472 916 ‘Non
493 856 588 916 laudis
609 876 700 929 amor,
722 876 779 917 nec
798 857 890 934 gloria
910 858 998 917 cessit

98 939 217 995 ‘Pulsa
236 947 318 995 metu
328 957 336 1008 ;
364 938 417 996 sed
438 935 518 996 enim
538 937 652 1012 gelidus
673 938 808 998 tardante
829 949 950 998 senecta
1044 955 1100 1015 395

99 1015 252 1092 ‘Sanguis
273 1018 370 1088 hebet,
393 1015 559 1092 frigentque
580 1019 684 1076 effetae
704 1016 735 1074 in
759 1037 883 1093 corpore
903 1017 985 1078 vires

103 1095 160 1156 ‘Si
180 1095 261 1168 mihi,
283 1115 359 1172 quae
381 1098 532 1172 quondam
553 1098 655 1169 fuerat,
678 1116 794 1172 quaque
815 1098 968 1174 improbus
989 1098 1045 1157 iste

105 1179 267 1236 ‘Exsultat
286 1177 391 1251 fidens,
413 1176 438 1236 si
459 1196 540 1235 nunc
559 1178 634 1237 soret
655 1175 706 1235 illa
725 1175 867 1248 iuventas,

102 1258 222 1316 ‘Haud
243 1257 381 1333 equidem
402 1256 497 1334 pretio
517 1256 657 1316 inductus
677 1258 860 1333 pulchroque
882 1257 1007 1318 iuvenco

101 1336 291 1409 ‘venissem
314 1357 370 1396 nec
391 1338 471 1396 dona
491 1337 608 1396 moror!
650 1338 699 1396 Sic
720 1337 828 1397 deinde
849 1341 965 1398 locutus
1045 1359 1104 1411 400

100 1418 145 1476 In
166 1417 297 1476 medium
317 1417 451 1494 geminos
471 1416 585 1476 inmani
604 1418 737 1494 pondere
757 1427 873 1478 caestus

100 1497 242 1570 Proiecit,
264 1497 372 1574 quibus
393 1516 463 1557 acer
483 1499 561 1572 Eryx
581 1497 613 1555 in
632 1496 745 1574 proelia
764 1509 864 1558 suetus

100 1580 195 1637 Ferre
214 1597 335 1636 manum
356 1578 491 1654 duroque
511 1578 664 1638 intendere
686 1578 823 1638 bracchia
843 1590 933 1656 tergo.

100 1657 286 1735 Obstipuere
305 1657 415 1717 animi:
442 1668 593 1717 tantorum
613 1657 744 1734 ingentia
765 1671 878 1736 septem

99 1741 203 1816 Terga
222 1741 315 1798 boum
335 1739 460 1814 plumbo
481 1737 579 1797 insuto
599 1739 734 1815 ferroque
753 1739 895 1814 rigebant.
1044 1756 1101 1818 405

100 1822 186 1878 Ante
207 1838 311 1878 omnes
332 1829 432 1894 stupet
451 1817 515 1895 ipse
537 1820 639 1890 Dares,
662 1820 809 1895 longeque
829 1830 962 1894 recusat;

101 1899 377 1975 Magnanimusque
397 1897 592 1968 Anchisiades
613 1909 643 1958 et
663 1900 782 1974 pondus
803 1909 833 1958 et
853 1899 917 1974 ipsa

102 1982 180 2038 Huc
200 1979 269 2038 illuc
287 1979 452 2038 vinclorum
473 1978 609 2038 inmensa
627 1977 778 2038 volumina
797 1988 901 2039 versat.

102 2063 187 2119 Tum
208 2060 305 2119 senior
325 2061 399 2119 tales
419 2061 563 2119 referebat
582 2070 703 2136 pectore
722 2077 829 2119 voces:

104 2139 216 2215 ‘Quid
238 2139 262 2198 si
284 2139 349 2216 quis
369 2151 485 2198 caestus
505 2138 596 2215 ipsius
619 2150 649 2198 et
670 2137 808 2198 Herculis
829 2158 911 2197 arma
1044 2159 1103 2212 410

104 2219 265 2293 ‘Vidisset
287 2219 460 2295 tristemque
481 2221 539 2279 hoc
559 2221 624 2295 ipso
644 2218 676 2277 in
696 2217 780 2278 litore
801 2221 954 2296 pugnam?

104 2303 213 2360 ‘Haec
233 2319 390 2376 germanus
411 2302 489 2374 Eryx
508 2301 660 2375 quondam
681 2308 749 2358 tuus
770 2318 851 2357 arma
869 2299 1006 2375 gerebat:
1047 2309 1058 2328 ⁰

105 2380 274 2457 ‘Sanguine
295 2380 389 2440 cernis
411 2381 509 2439 adhuc
528 2399 688 2456 sparsoque
708 2379 818 2439 infecta
837 2381 966 2440 cerebro.

45 2515 49 2525 ,
106 2459 187 2520 ‘His
207 2479 348 2538 magnum
368 2459 495 2519 Alciden
515 2469 618 2520 contra
638 2459 718 2519 stetit
725 2481 734 2534 ;
762 2459 807 2518 his
828 2478 884 2536 ego
904 2472 1011 2534 suetuS,
1026 2495 1040 2520 ο

106 2543 208 2600 ‘Dum
229 2540 333 2601 melior
352 2540 427 2600 vires
447 2539 565 2616 sanguis
586 2541 685 2612 dabat,
707 2541 823 2600 aemula
843 2542 971 2601 necdum
1043 2557 1099 2618 415

106 2621 324 2697 ‘Temporibus
344 2620 468 2696 geminis
490 2619 615 2680 canebat
636 2639 737 2696 sparsa
757 2631 899 2679 senectus.

106 2702 194 2774 ‘Sed‚
216 2701 241 2761 si
260 2712 362 2760 nostra
383 2703 477 2760 Dares
497 2701 571 2760 haec
591 2701 698 2759 Troius
718 2719 800 2759 arma
819 2710 943 2773 recusat,

105 2783 222 2856 ‘quue
246 2781 296 2858 pio
318 2782 401 2840 sedet
421 2784 551 2852 Aeneae,
572 2781 678 2857 probat
698 2791 800 2839 auctor
819 2782 951 2851 Acestes,

106 2865 297 2938 ‘Aequemus
317 2880 438 2939 pugnas.
482 2859 582 2936 Erycis
602 2860 656 2918 tibi
676 2870 756 2934 terga
776 2859 894 2919 remitto
904 2882 913 2933 ,·

106 2944 351 3016 ‘Solvemetus5
381 2951 411 3000 et
431 2952 463 3000 tu
484 2940 631 3000 Troianos
652 2958 726 2998 exue
748 2939 880 2999 caestus)
1043 2962 1102 3014 420

106 3025 195 3083 Haec
215 3023 292 3081 fatus
313 3020 461 3098 duplicem
482 3040 518 3080 ex
538 3019 668 3079 humeris
688 3017 788 3078 reiecit
808 3018 957 3093 amictum,

106 3106 147 3163 Et
168 3121 291 3179 magnos
313 3103 510 3162 membrorum
532 3113 619 3172 artus,
641 3118 749 3175 magna
769 3118 836 3158 ossa
856 3102 1040 3177 lacertosque

107 3183 206 3255 Exuit,
228 3193 318 3258 atque
338 3181 441 3259 ingens
462 3180 561 3240 media
581 3180 716 3240 consistit
736 3199 832 3239 arena

106 3267 187 3322 Tum
209 3273 289 3321 satus
310 3261 440 3320 Anchisa
461 3271 576 3320 caestus
597 3270 680 3337 pater
700 3259 803 3320 extulit
823 3275 943 3336 aequos,
964 3307 966 3312 .

108 3346 146 3404 Et
168 3341 287 3419 paribus
308 3343 421 3418 palmas
441 3341 595 3400 amborum
616 3339 748 3401 innexuit
768 3339 862 3400 armis.
1043 3355 1100 3416 425
