2494 3702
389 87 662 147 GEORGICON
675 88 762 147 LlB.
783 90 809 147 I
812 90 841 149 V.

104 231 302 290 Hortantem.
318 241 348 289 et
368 230 459 289 fessas
479 231 519 289 ad
540 231 650 306 pabula
669 243 741 291 nota
760 243 927 294 vocantem.

104 310 251 369 Proderit
271 322 302 370 et
322 320 443 368 tunsum
462 311 558 385 gallae
578 311 742 371 admiscere
763 331 900 389 saporem

103 390 301 465 Arentesque
321 408 411 460 rosas,
435 400 486 448 aut
506 388 568 465 igni
587 390 707 466 pinguia
728 392 824 452 multo

108 470 249 542 Defruta‚
270 471 318 529 vel
338 468 446 545 psithia
466 488 568 545 passos
589 471 627 529 de
648 470 708 530 vite
728 490 869 545 racemos,

106 549 354 625 Cecropiumque
374 550 508 626 thymum
528 560 559 608 et
578 568 665 625 grave
686 551 797 610 olentia
817 563 983 614 centaurea.

108 630 170 687 Est
190 628 279 688 etiarn
301 631 356 688 flos
376 630 407 686 in
428 628 526 705 pratis,
548 630 595 687 cui
617 648 728 689 nomen
749 634 857 692 amello

110 711 227 768 Fecere
247 709 400 786 agricolae,
420 709 513 767 facilis
533 709 742 785 quaerentibus
761 712 854 770 herba
863 733 872 785 3

111 791 254 865 Namque
275 809 336 848 uno
357 789 507 866 ingentem
528 788 605 848 tollit
626 791 665 849 de
685 790 816 866 caespite
837 791 948 866 silvam,

110 872 229 928 Aureus
250 869 322 945 ipse,
345 868 450 929 sedin
469 869 554 940 foliis,
577 888 654 945 quae
674 870 801 946 plurima
822 873 932 931 circum

110 951 137 1006 F
137 950 300 1020 unduutur,
320 948 417 1008 violae
437 950 572 1009 sublucet
593 968 721 1026 purpura
740 949 859 1028 nigrae;

109 1032 210 1106 Saepe
231 1030 322 1088 deum
342 1028 425 1088 nexis
446 1039 566 1088 ornatae
587 1029 741 1105 torquibus
760 1051 827 1091 arae
837 1051 847 1104 3

109 1112 211 1185 Asper
230 1108 261 1168 in
282 1128 333 1169 ore
354 1128 459 1185 sapor3
486 1110 579 1168 tonsis
600 1109 631 1167 in
652 1109 776 1169 vallibus
797 1110 878 1170 illurn

110 1193 252 1249 Pastores
273 1200 302 1248 et
323 1209 411 1248 curva
432 1190 533 1265 legunt
553 1208 647 1265 prope
668 1190 790 1249 flumina
812 1193 929 1252 Mellae.

110 1271 215 1329 Huius
236 1271 361 1329 odorato
382 1268 495 1328 radices
514 1267 643 1345 incoque
665 1271 783 1330 Baccho

110 1350 288 1425 Pabulaque
309 1347 470 1408 lusoribus
491 1348 587 1425 plenis
607 1351 727 1425 adpone
748 1350 887 1412 canistris.

152 1430 213 1489 Sed
234 1429 260 1488 si
280 1449 369 1505 quern
389 1430 487 1505 proles
508 1428 607 1488 subito
628 1431 767 1489 defecerit
788 1431 885 1491 omnis

110 1510 190 1580 Nec,
210 1528 304 1584 genus
324 1509 405 1568 unde
425 1527 521 1568 novae
543 1508 639 1584 stirpis
659 1522 821 1582 revocetur,
843 1511 973 1585 habebit,

111 1591 249 1665 Tempu's
270 1601 299 1649 et
321 1588 440 1648 Arcadii
460 1590 654 1649 memoranda
674 1589 795 1650 inventa
815 1591 944 1668 magistri

112 1671 258 1742 Pandere,
279 1688 398 1745 quoque
419 1669 511 1728 modo
532 1669 625 1728 caesis
645 1667 704 1728 iam
726 1690 814 1746 saepe
835 1671 965 1732 iuvencis

112 1748 282 1808 Insincerus
302 1767 375 1824 apes
394 1748 493 1808 tulerit
513 1767 605 1807 cruor.
648 1749 743 1810 Altius
764 1770 885 1811 omnem

113 1829 279 1905 Expediam
299 1827 395 1904 prima
413 1838 550 1904 repetens
572 1829 611 1888 ab
631 1829 744 1906 origine
763 1832 882 1890 sarnam.

113 1911 196 1968 Nam
216 1928 275 1985 qua
296 1908 405 1968 Pellaei
426 1927 498 1984 gens
518 1910 666 1968 fortunata
687 1911 804 1989 Canopi

112 1990 232 2049 Accolit
253 1990 346 2048 effuso
366 1998 551 2064 stagnantem
572 1988 693 2049 flumine
713 1991 816 2049 Nilum

113 2071 154 2128 Et
174 2069 284 2127 circum
305 2068 392 2144 pictis
412 2067 527 2127 vehitur
547 2088 599 2127 sua
619 2089 685 2128 rura
705 2070 851 2146 phaselis;

113 2150 243 2225 Quaque
262 2149 447 2224 pharetratae
467 2147 574 2208 vicinia
595 2148 722 2208 Persidis
743 2161 855 2227 urguet,

113 2231 154 2287 Et
175 2228 290 2288 diversa
309 2247 396 2287 ruens
418 2239 532 2304 septem
552 2227 688 2288 discurrit
707 2229 738 2288 in
759 2248 811 2290 ora

113 2310 221 2384 Usque
241 2309 378 2368 coloratis
399 2309 495 2367 amnis
516 2308 646 2368 devexus
666 2309 705 2368 ab
727 2309 818 2382 Indis,

113 2391 154 2448 Et
174 2387 297 2448 viridem
317 2391 486 2465 Aegyptum
506 2387 588 2465 nigra
607 2390 747 2449 fecundat
767 2391 894 2452 harena:

113 2468 221 2529 Omnis
240 2467 271 2528 in
292 2469 348 2527 hac
368 2479 479 2528 certam
499 2469 580 2544 regio
600 2468 670 2528 iacit
690 2481 752 2530 arte
772 2473 904 2532 salutern.

114 2548 244 2625 Exiguus
263 2547 389 2625 primum
406 2559 499 2624 atque
519 2547 600 2625 ipsos
621 2560 788 2611 contractus
808 2550 839 2610 in
860 2571 929 2611 usus

114 2627 240 2704 Eligitur
258 2630 341 2689 locus
350 2650 359 2704 3
385 2629 466 2687 hunc
485 2628 660 2705 angustique
678 2628 806 2691 imbrice
820 2631 890 2692 tecti

114 2707 337 2785 Parietibusque
356 2719 493 2785 premunt
513 2708 583 2768 artis
603 2720 633 2768 et
654 2721 792 2785 quattuor
810 2712 933 2784 addunt,

114 2789 262 2863 Quattuor
280 2809 299 2846 a
318 2788 414 2848 ventis
435 2787 555 2864 obliqua
575 2791 641 2849 luce
661 2790 810 2850 fenestras.

113 2871 194 2927 Tum
214 2866 320 2927 vitulus
341 2868 424 2927 bima
443 2887 567 2928 curvans
588 2867 647 2927 iam
668 2888 779 2928 cornua
797 2870 893 2930 fronte

114 2947 287 3023 Quaeritur;
315 2946 384 3007 huic
403 2947 538 3024 geminae
558 2967 643 3007 nares
663 2959 694 3007 et
714 2947 830 3024 spiritus
850 2949 907 3009 oris

115 3029 214 3087 Multa
232 3027 386 3088 reluctanti
406 3027 573 3099 obstruitur,
594 3026 747 3105 plagisque
767 3042 921 3108 perempto

113 3109 216 3166 Tunsa
235 3126 288 3183 per
306 3107 449 3184 integram
471 3109 624 3167 solvoutur
642 3107 755 3168 viscera
774 3111 889 3186 pellern

114 3186 162 3247 Sic
182 3187 311 3263 positum
332 3187 363 3246 in
383 3188 485 3246 clauso
504 3187 641 3263 linquont
662 3198 691 3247 et
711 3208 810 3248 ramea
830 3189 919 3250 costis

113 3267 267 3328 Subiciunt
286 3268 458 3342 fragmenta,
479 3268 612 3342 thymum
634 3269 786 3343 casiasque
807 3282 946 3328 recentes.

1055 109 1108 166 151

115 3349 187 3406 Hoc
207 3346 315 3422 geritur
334 3345 474 3421 Zephyris
494 3346 621 3420 primum
641 3345 849 3420 inpellentibus
870 3348 974 3417 undas
1043 3364 1099 3421 305
