2468 3692
117 59 176 130 380
364 56 401 115 P.
436 55 627 114 vanum
647 53 859 119 rranolvrs

118 183 260 240 ‘Etcum
279 181 365 240 fratre
385 183 484 250 Coras,
505 179 571 238 latis
591 178 746 238 diffundite
764 177 883 253 campis
1044 182 1100 254 4⁶5

118 261 205 318 ‘Pars
224 258 320 318 aditus
339 261 417 318 urbis
436 262 529 317 firmet
549 270 698 331 turresque
718 267 869 330 capessat:

118 339 250 408 ‘Cetera
271 356 331 412 qua
349 337 437 410 iusso,
458 355 573 396 mecum
593 354 697 393 manus
715 335 821 392 inferat
840 335 939 392 anna'

118 416 202 474 Ilicet
222 415 252 472 in
272 435 370 475 muros
389 427 453 475 tota
472 414 638 473 discurritur
656 415 736 471 urbe

117 492 282 554 Concilium
301 494 364 570 ipse
383 507 466 570 pater
485 505 514 552 et
533 511 639 568 magna
658 492 776 565 incepta
796 491 920 550 Latinus

107 572 243 644 Deserit,
263 591 299 631 ac
318 571 391 631 tristi
410 574 541 632 turbatus
560 582 692 646 tempore
712 569 808 628 differt
817 591 826 642 ;
1044 589 1101 643 470

118 652 272 725 Multaque
291 669 324 710 se
343 651 464 722 incusat,
485 650 535 725 qui
555 668 616 708 nou
636 649 781 723 acceperit
801 651 876 705 ultro
1056 652 1062 657 ’

118 728 300 787 Dardanium
319 732 451 799 Aenean,
470 746 668 804 generumque
688 727 843 785 adsciverit
862 725 937 784 urbi.

118 807 306 867 Praefodiunt
324 807 373 866 alii
392 818 499 882 portas,
520 817 570 864 aut
590 824 660 864 saxa
679 805 826 880 sudesque

117 886 302 944 Subvectant
344 888 426 944 Bello
446 887 497 944 dat
517 884 631 960 signum
651 902 739 941 rauca
758 894 911 942 cruentum

118 963 236 1023 Bucina
278 965 355 1022 Tum
375 983 472 1023 muros
492 963 570 1021 varia
589 962 704 1020 cinxere
724 981 833 1020 corona
1042 981 1096 1046 475

118 1043 271 1101 Matronae
291 1042 447 1118 puerique;
468 1052 553 1100 vocat
572 1043 655 1099 labor
673 1039 792 1098 ultimus
813 1059 925 1099 omnes.

118 1121 182 1178 Nec
201 1138 262 1179 non
282 1122 321 1180 ad
341 1123 481 1196 templum
502 1137 687 1194 summasque
707 1121 746 1177 ad
768 1119 895 1176 Palladis
915 1139 999 1178 arces

116 1198 290 1256 Subvehitur
308 1217 414 1274 magna
433 1209 557 1256 matrum
576 1198 676 1272 regina
695 1209 818 1270 caterva,
846 1199 868 1223 ’·

118 1277 207 1334 Dona
225 1278 337 1351 serens;
355 1277 492 1352 iuxtaque
512 1296 611 1335 comes
632 1275 753 1334 Lavinia
772 1275 862 1352 virgo,

117 1357 215 1414 Causa
232 1357 301 1413 mali
320 1356 401 1427 tanti,
422 1357 522 1414 oculos
542 1354 655 1414 deiecta
675 1354 805 1413 decoros.
1036 1361 1096 1428 480

116 1433 283 1493 Succedunt
301 1445 414 1505 matres,
437 1446 466 1492 et
485 1435 626 1508 templum
646 1443 708 1490 ture
729 1442 878 1508 vaporant,

118 1513 156 1569 Et
175 1523 299 1570 maestas
318 1515 378 1571 alto
397 1513 522 1571 fundunt
541 1514 579 1571 de
599 1511 698 1569 limine
718 1531 823 1571 voces:

118 1589 330 1664 ‘Armipotens,
351 1609 466 1667 praeses
485 1589 562 1661 belli,
584 1589 716 1648 Tritonia
735 1591 824 1666 virg0,

118 1669 249 1742 ‘Frange
268 1689 357 1728 manu
377 1672 467 1728 telum
488 1669 603 1744 Phrygii
622 1669 786 1744 praedonis,
809 1675 838 1727 et
860 1666 957 1743 ipsum

119 1749 265 1804 ‘Pronum
285 1759 380 1808 sterne
401 1750 472 1820 solo,
494 1747 641 1824 portisque
662 1748 780 1805 effunde
800 1749 855 1806 sub
875 1749 959 1806 altis)
1040 1753 1100 1826 485

118 1823 251 1899 Cingitur
270 1826 332 1901 ipse
352 1830 449 1885 furens
468 1827 599 1884 certatim
618 1825 650 1883 iu
670 1824 780 1900 proelia
800 1828 925 1885 Turnus.

118 1906 241 1976 Iamque
261 1907 336 1965 adeo
358 1905 498 1964 Rutulum
519 1907 637 1963 thoraca
656 1903 775 1963 indutus
795 1905 877 1963 aenis

120 1983 268 2041 Horrebat
288 1984 424 2059 squamis,
444 2002 582 2057 surasque
602 1983 756 2041 incluserat
776 2002 856 2055 auro,

118 2061 266 2133 Tempora
286 2065 382 2121 nudus
402 2063 505 2134 adhuc,
528 2061 667 2138 laterique
687 2061 852 2120 accinxerat
873 2081 994 2136 ensem3

120 2139 320 2215 Fulgebatque
340 2144 398 2199 alta
418 2142 573 2199 decurrens
593 2159 696 2199 aureus
716 2159 783 2198 arce
793 2161 802 2212 ;
1043 2163 1105 2219 490
1213 2131 1214 2168 ³

119 2217 309 2293 Exsultatque
330 2219 441 2290 animis,
463 2230 492 2278 et
512 2238 563 2294 spe
584 2219 642 2276 iarn
662 2218 802 2294 praecipit
822 2219 946 2279 hostem.

120 2293 222 2367 Qualis
242 2297 293 2354 ubi
313 2297 441 2372 abruptis
461 2298 532 2373 sugit
552 2298 702 2373 praesepia
721 2297 824 2356 vinclis

118 2372 254 2431 Tandem
274 2375 347 2434 liber
366 2395 466 2451 equus,
488 2395 651 2450 campoque
671 2377 781 2450 potitus
801 2387 903 2451 aperto

122 2453 180 2508 Aut
199 2449 248 2510 ille
268 2452 298 2510 in
319 2466 418 2530 pastus
438 2465 625 2529 armentaque
645 2455 741 2513 tendit
761 2473 910 2530 equarum,

119 2531 179 2586 Aut
198 2530 336 2592 adsuetus
356 2553 448 2608 aquae
469 2533 602 2608 perfundi
622 2533 741 2592 flumine
761 2544 834 2592 noto

121 2607 243 2679 Emicat,
264 2611 439 2686 arrectisque
459 2610 554 2670 fremit
573 2612 734 2671 cervicibus
755 2615 813 2671 alte

122 2686 482 2765 Luxurians31uduntque
503 2691 589 2748 iubae
610 2710 663 2765 per
682 2692 766 2763 colla,
789 2710 841 2765 per
861 2711 966 2751 armos.

121 2763 218 2823 Obvia
238 2766 292 2838 cui,
314 2768 487 2827 Volscorum
508 2769 570 2827 acie
590 2769 757 2840 comitante,
780 2771 905 2830 Camilla

121 2844 262 2916 Occunit,
283 2846 431 2922 portisque
451 2849 488 2906 ab
510 2866 586 2921 equo
606 2848 707 2922 regina
727 2850 781 2907 sub
801 2847 871 2922 ipsis

122 2919 248 2978 Desiluit
257 2943 266 2993 3
288 2943 375 2998 quam
396 2935 458 2984 tota
477 2927 582 2983 cohors
602 2924 714 2984 imitata
734 2927 840 2985 relictis
1048 2949 1107 3006 500
1213 2977 1214 2992 r

121 2997 170 3051 Ad
190 3005 293 3054 terram
315 3001 434 3060 defluxit
455 3002 555 3077 equis3
575 3012 637 3060 tum
658 3004 728 3062 talia
747 3007 838 3062 fatur:

123 3071 249 3141 ‘Turne
274 3075 317 3131 sui
340 3078 443 3137 merito
467 3081 491 3137 si
515 3092 638 3153 quaest
661 3082 769 3140 fiducia
789 3083 864 3153 forti,

124 3145 245 3202 ‘Audeo
268 3159 297 3205 et
318 3153 491 3212 Aeneadum
514 3157 652 3229 promitto
677 3178 828 3218 occurrere
853 3171 977 3235 turmae,

124 3220 266 3294 ‘Solaque
290 3226 454 3299 Tyrrhenos
480 3234 591 3307 equites
615 3235 656 3296 ire
681 3237 768 3296 obvia
794 3249 903 3300 contra
