2494 3702
115 9 169 66 166
364 4 400 62 P.
438 3 628 63 VERGILI
649 1 863 62 MARONIS

114 130 194 192 ‘Hic
214 129 268 192 tibi
289 128 385 208 (fabor
405 130 494 203 enim,
516 131 637 207 quando
657 131 732 190 haec
753 141 782 190 te
803 149 873 189 cura
891 129 1052 203 remordet,

115 209 264 290 ‘Longius
284 223 314 272 et
332 214 456 271 volvens
475 212 602 271 fatorum
623 230 731 270 arcana
750 208 892 288 movebo)

114 295 248 353 ‘Bellum
268 292 371 369 ingens
392 302 473 369 geret
494 291 582 351 Italia
601 293 789 368 populosque
809 292 922 350 feroces

115 373 313 444 ‘Contundet
335 391 492 449 moresque
512 370 580 431 viris
601 382 631 432 et
651 372 770 432 moenia
791 381 892 447 ponet,

115 449 236 512 ‘Tertia
254 453 326 512 dum
348 452 434 511 Latio
455 462 626 528 regnantem
647 451 752 512 viderit
773 462 869 510 aestas
1053 452 1105 526 265

115 535 287 608 ‘Temaque
308 531 474 591 transierint
495 531 613 591 Rutulis
635 531 759 592 hiberna
779 529 915 590 subactis.

118 615 173 673 ‘At
192 632 266 689 puer
287 612 442 684 Ascanius,
463 611 512 671 cui
532 631 613 671 nune
634 631 802 688 cognomen
824 612 890 669 Iulo

115 693 259 752 ‘Additur
280 692 355 771 (llus
376 702 447 765 erat,
470 693 540 751 dum
561 711 608 751 res
629 692 710 751 stetit
731 692 787 751 Ilia
806 688 921 768 regno),

116 771 263 849 ‘Triginta
283 791 406 848 magnos
426 772 581 832 volvendis
602 772 754 831 mensibus
775 771 861 831 orbes

116 851 263 929 ‘Imperio
283 851 421 928 explebit,
443 871 626 928 regnumque
645 855 684 912 ab
705 853 776 912 sede
799 849 902 909 Lavini
1054 866 1108 924 270

117 933 310 1003 ‘Transferet
333 943 364 992 et
383 933 503 1008 longam
524 934 617 992 multa
636 931 666 990 vi
685 932 800 992 muniet
820 931 936 989 Albam.

116 1012 195 1072 ‘Hic
215 1012 274 1071 iarn
295 1023 479 1072 tercentum
500 1022 579 1072 totos
599 1012 768 1089 regnabitur
788 1029 882 1070 annos

116 1093 230 1152 ‘Gente
251 1094 306 1151 sub
328 1093 488 1163 Hectorea,
510 1093 609 1152 donec
630 1091 731 1168 regina
752 1092 889 1152 sacerdos

116 1175 231 1232 ‘Marte
251 1172 346 1248 gravis
367 1172 516 1248 geminam
537 1184 621 1249 partu
642 1171 725 1232 dabit
747 1173 802 1232 Ilia
822 1173 944 1248 prolem.

116 1253 210 1312 ‘Inde
230 1253 316 1328 lupae
336 1254 417 1311 sulvo
438 1252 559 1312 nutricis
580 1253 710 1330 tegmine
730 1253 823 1312 laetus
1054 1268 1111 1328 275

116 1334 280 1392 ‘Romulus
302 1331 428 1408 excipiet
448 1345 575 1409 gentem,
597 1343 627 1391 et
649 1331 797 1392 Mavortia
816 1331 927 1390 condet

117 1413 257 1472 ‘Moenia
278 1414 492 1489 Romanosque
512 1432 566 1473 suo
588 1414 627 1472 de
647 1411 769 1473 nomine
790 1411 876 1472 dicet.

117 1492 194 1552 ‘His
215 1511 271 1569 ego
292 1512 348 1552 nec
368 1503 463 1552 metas
483 1512 579 1552 rerum
599 1513 656 1552 nec
676 1503 812 1570 tempora
832 1509 922 1568 pono,

116 1575 295 1650 ‘Imperium
317 1571 380 1632 sine
400 1574 459 1632 fine
480 1574 558 1633 dedi.
602 1572 684 1648 Quin
704 1593 809 1651 aspera
831 1574 917 1642 Iuno,

117 1653 221 1728 ‘Quae
242 1672 322 1712 mare
342 1672 422 1712 nunc
443 1664 590 1729 terrasque
610 1665 693 1713 metu
713 1655 887 1728 caelumque
906 1649 1018 1728 fatigat,
1058 1656 1119 1712 280

117 1733 267 1794 ‘Consilia
288 1733 318 1792 in
343 1731 448 1793 melius
469 1735 582 1805 referet,
603 1753 780 1810 mecumque
801 1731 912 1794 fovebit

118 1815 297 1885 ‘Romanos
319 1832 416 1873 return
438 1813 586 1884 dominos,
607 1825 787 1890 gentemque
809 1823 946 1889 togatam.

118 1893 183 1954 ‘Sic
203 1893 351 1970 placitum.
395 1893 503 1954 Veniet
523 1893 619 1953 lustris
640 1896 808 1954 labentibus
828 1903 918 1964 aetas,

118 1975 213 2034 ‘Cum
233 1974 340 2033 domus
360 1973 496 2033 Assaraci
517 1974 655 2033 Phthiam
676 1977 827 2051 clarasque
850 1975 993 2050 Mycenas

117 2052 256 2115 ‘Servitio
277 2066 390 2130 premet
411 2073 446 2113 ac
466 2053 550 2114 victis
571 2054 772 2115 dominabitur
793 2054 884 2132 Argis.

117 2137 281 2194 ‘Nascetur
300 2135 423 2210 pulchra
442 2134 589 2194 Troianus
610 2135 723 2211 origine
745 2137 863 2207 Caesar,

117 2214 296 2290 ‘Imperium
318 2216 450 2282 Oceano.
473 2216 582 2274 sarnam
603 2215 655 2291 qui
676 2213 813 2275 terminet
833 2213 925 2289 astris,

117 2293 237 2369 ‘Iulius
260 2314 278 2353 a
298 2314 407 2371 magno
428 2295 589 2354 demissum
611 2315 722 2356 nomen
745 2297 821 2356 Iulo.

117 2376 227 2433 ‘Hunc
249 2384 279 2433 tu
301 2373 372 2434 olim
392 2377 484 2447 caelo,
507 2373 608 2452 spoliis
630 2375 760 2436 Orientis
782 2388 928 2452 onustum,

117 2452 270 2530 ‘Accipies
291 2474 394 2514 secura
404 2476 412 2528 3
441 2457 593 2515 vocabitur
613 2455 661 2515 hic
682 2474 800 2532 quoque
821 2457 904 2516 votis.

117 2538 248 2611 ‘Aspera
268 2545 331 2594 tum
353 2535 455 2610 positis
476 2535 633 2596 mitescent
653 2538 771 2596 saecula
791 2537 877 2596 bellis
888 2557 897 2610 3

117 2616 217 2674 ‘Cana
239 2613 327 2674 Fides
349 2626 378 2675 et
397 2618 498 2688 Vesta„
521 2618 619 2675 Remo
641 2618 816 2676 cumfratre
838 2617 978 2692 Quirinus

117 2696 203 2753 ‘Iura
224 2695 356 2768 dabunt;
383 2695 465 2755 dirae
485 2697 560 2756 ferro
581 2706 610 2756 et
631 2697 823 2773 compagibus
844 2698 914 2758 artis

118 2775 318 2835 ‘Claudentur
339 2775 414 2835 Belli
433 2788 553 2852 portae3
582 2778 675 2837 Furor
695 2776 804 2853 impius
823 2777 902 2838 intus

118 2856 226 2915 ‘Saeva
246 2856 352 2915 sedens
373 2875 461 2932 super
481 2876 563 2915 arma
583 2868 612 2916 et
633 2867 754 2916 centurn
774 2857 889 2917 vinctus
909 2861 991 2920 aenis

117 2938 205 2994 ‘Post
226 2945 339 3011 tergum
360 2936 447 2994 nodis
467 2939 572 2996 fremet
592 2936 727 2996 horridus
747 2955 798 2997 ore
819 2943 959 2999 cruento!

156 3016 244 3072 Haec
263 3015 313 3084 ait,
336 3023 366 3072 et
388 3015 470 3072 Maia
489 3016 622 3090 genitum
644 3015 773 3076 demittit
793 3020 831 3077 ab
851 3020 921 3090 alt0,

116 3087 159 3152 Ut
180 3103 272 3150 terrae
292 3102 383 3165 utque
404 3111 499 3151 novae
519 3106 640 3167 pateant
662 3095 852 3172 Karthaginis
872 3117 955 3159 arces

117 3169 258 3244 Hospitio
279 3168 411 3240 Teucris,
433 3188 471 3227 ne
490 3172 542 3228 fati
563 3173 663 3231 nescia
684 3174 766 3233 Dido

117 3247 238 3308 Finibus
258 3257 377 3307 arceret.
422 3249 509 3306 Volat
528 3248 577 3308 ille
597 3270 650 3326 per
670 3255 738 3311 a'e'ra
758 3273 898 3330 magnum

1174 159 1189 194 s
