2460 3686
140 89 196 163 238
389 88 423 146 P.
461 83 650 144 VERGILI
671 81 883 142 MARONIS

139 209 338 270 ‘Iamdudum
358 219 388 271 et
406 211 513 270 frustra
533 227 624 270 cerno
644 218 674 268 te
695 209 817 268 tendere
837 218 950 268 contra

140 291 257 350 ‘Flecte
277 287 356 349 viam
376 291 457 350 velis.
499 292 549 349 An
570 288 608 348 sit
627 287 700 348 mihi
719 288 827 366 gratior
847 290 915 361 ulla,

139 372 261 447 ‘Quove
282 370 375 447 magis
396 371 487 430 fessas
507 381 608 446 optem
629 367 785 429 demittere
805 387 905 440 naves,

140 451 254 526 ‘Quam
276 469 353 527 quae
375 449 559 510 Dardanium
580 450 666 510 tellus
687 449 760 508 mihi
780 459 876 508 servat
895 451 1046 521 Acesten,
1108 466 1145 523 30

139 533 196 590 ‘Et
216 531 306 608 patris
325 530 475 590 Anchisae
495 530 608 608 gremio
628 529 835 606 complectitur
855 528 956 588 ossa?
1059 561 1062 564 -

138 611 225 670 Haec
245 610 295 670 ubi
315 610 404 683 dicta,
425 621 530 687 petunt
550 621 662 686 portus,
684 620 714 670 et
734 612 801 669 vela
820 609 945 668 secundi

138 691 304 751 Intendunt
324 690 466 766 &phyri3
493 693 584 751 fertur
603 691 661 750 cita
679 689 792 766 gurgite
813 688 921 761 classis,

138 773 177 831 Et
198 772 317 830 tandem
338 771 408 830 laeti
429 782 519 832 notae
539 771 730 832 advertuntur
750 789 863 829 arenae.

175 853 216 910 At
237 854 338 927 procul
360 853 478 912 excelso
499 851 619 912 miratus
639 850 748 912 vertice
768 849 876 909 montis

137 932 308 991 Adventum
330 932 484 1007 sociasque
505 942 582 991 rates
603 930 729 990 occurrit
749 933 881 1001 Acestes,

138 1011 284 1072 Horridus
304 1010 335 1071 in
356 1011 458 1071 iaculis
479 1022 509 1072 et
529 1013 607 1088 pelle
629 1009 787 1087 Libystidis
807 1029 891 1069 ursae
902 1029 911 1082 3
1015 1020 1020 1028 '

136 1091 225 1150 Troia
246 1091 372 1152 Crimiso
392 1103 570 1168 conceptum
592 1091 714 1150 flumine
735 1099 829 1149 mater

137 1172 235 1246 Quem
256 1171 365 1248 genuit.
407 1174 550 1232 Veterum
571 1190 634 1230 non
654 1169 800 1230 inmemor
820 1169 869 1232 ille
889 1181 1057 1246 parentum

137 1254 275 1312 Gratatur
295 1253 417 1312 reduces
438 1263 467 1312 et
487 1271 558 1328 gaza
579 1253 673 1310 laetus
695 1249 802 1326 agresti
1104 1268 1140 1321 40

138 1331 261 1408 Excipit,
284 1351 320 1391 ac
339 1334 432 1392 fessos
454 1331 560 1407 opibus
581 1333 691 1390 solatur
711 1329 822 1390 amicis.

137 1414 258 1472 Postera
279 1432 347 1472 eum
368 1411 464 1489 primo
484 1413 584 1472 stellas
605 1411 717 1472 oriente
737 1412 851 1488 iugarat

137 1494 223 1554 Clara
243 1493 315 1564 dies,
337 1493 435 1552 socios
455 1491 486 1551 in
507 1503 625 1553 coetum
646 1491 731 1552 litore
752 1493 790 1552 ab
811 1490 894 1552 omni

135 1574 273 1633 Advocat
293 1576 419 1646 Aeneas,
442 1573 606 1648 tumulique
627 1591 664 1632 ex
684 1591 789 1648 aggere
809 1573 902 1631 fatur:

178 1653 387 1712 ‘Dardanidae
407 1652 515 1729 magni,
537 1671 630 1730 genus
650 1653 712 1712 alto
732 1672 750 1711 a
771 1651 912 1727 sanguine
934 1649 1050 1724 divom,
1097 1668 1132 1726 45

138 1736 280 1792 ‘Annuus
302 1733 411 1793 exactis
431 1735 597 1810 completur
615 1732 767 1792 mensibus
787 1733 875 1804 orbis,

137 1816 201 1873 ‘Ex
221 1832 281 1890 quo
302 1813 439 1889 reliquias
460 1813 611 1889 divinique
631 1831 699 1873 ossa
719 1812 849 1889 parentis

137 1893 350 1954 ‘Condidimus
372 1906 456 1964 terra,
478 1905 667 1969 maestasque
688 1892 866 1952 sacravimus
887 1911 960 1951 aras.

137 1977 280 2051 ‘lamque
300 1974 373 2047 dies,
395 1973 452 2033 nisi
472 1976 564 2046 fallor,
586 1975 678 2043 adest,
700 1991 790 2048 quem
811 1992 927 2049 semper
947 1974 1097 2044 acerbum,

137 2058 277 2131 ‘Semper
295 2054 482 2126 honoratum,
503 2054 547 2114 sic
567 2053 598 2112 di
619 2052 759 2124 voluistis,
781 2053 907 2113 habebo.
1093 2069 1129 2128 50

138 2137 246 2194 ‘Hunc
266 2154 322 2211 ego
344 2134 476 2195 Gaetulis
496 2153 613 2211 agerem
634 2133 659 2193 si
679 2133 812 2211 Syrtibus
833 2133 922 2208 exsul,

136 2214 328 2291 ‘Argolicove
349 2214 422 2273 mari
442 2216 615 2291 deprensus,
637 2223 666 2274 et
685 2214 758 2274 urbe
780 2216 934 2291 Mycenae,

136 2297 263 2354 ‘Annua
282 2307 353 2355 vota
372 2305 473 2356 tamen
494 2297 711 2371 sollemnesque
732 2293 837 2354 ordine
856 2313 982 2371 pompas

137 2377 343 2451 ‘Exsequerer,
366 2388 568 2451 strueremque
589 2375 648 2435 suis
668 2375 770 2435 altaria
790 2375 886 2434 donis.

136 2458 246 2514 ‘Nunc
265 2456 342 2515 ultro
363 2456 402 2514 ad
422 2454 535 2515 cineres
555 2454 648 2533 ipsius
668 2466 698 2516 et
718 2475 786 2514 ossa
806 2455 943 2532 parentis,
1087 2473 1121 2532 55

69 2553 74 2563 ¹
136 2535 245 2594 ‘Haud
267 2534 405 2612 equidem
426 2535 490 2595 sine
510 2547 610 2596 mente
630 2554 704 2609 reor,
726 2535 790 2596 sine
812 2535 934 2596 numine
955 2535 1064 2611 divom,

136 2616 311 2688 ‘Adsumus,
333 2627 363 2676 et
383 2627 486 2691 portus
507 2615 597 2676 delati
618 2615 760 2676 intramus
781 2616 900 2676 amicos.

136 2699 231 2773 ‘Ergo
252 2695 337 2774 agite,
359 2707 390 2756 et
410 2697 519 2756 laetum
540 2695 639 2756 cuncti
660 2697 843 2756 celebremus
863 2698 1027 2766 honorem;

136 2779 314 2836 ‘Poscamus
334 2787 448 2847 ventos,
468 2787 558 2852 atque
577 2777 652 2835 haec
672 2795 720 2836 me
740 2795 823 2836 sacra
843 2776 1002 2853 quotannis

136 2858 237 2918 ‘Urbe
256 2854 327 2917 velit
346 2855 445 2933 posita
464 2857 581 2933 templis
601 2856 659 2916 sibi
677 2859 752 2917 terre
771 2856 884 2917 dicatis.
1080 2860 1115 2916 60

136 2936 229 2996 ‘Bina
249 2937 341 2996 boum
362 2936 447 2997 vobis
467 2937 558 2997 Troia
577 2947 732 3012 generatus
753 2939 876 2996 Acestes

136 3019 213 3074 ‘Dat
233 3035 358 3076 numero
378 3015 476 3092 capita
495 3015 527 3075 in
547 3035 655 3087 naves;
682 3015 822 3076 adhibete
843 3019 971 3077 Penates

136 3098 192 3155 ‘Et
212 3093 320 3171 patrios
341 3096 436 3172 epulis
457 3107 487 3155 et
507 3115 581 3171 quos
602 3096 673 3156 colit
693 3097 803 3174 hospes
823 3098 955 3158 Acestes.

135 3178 314 3249 ‘Praeterea
336 3175 362 3234 si
381 3194 461 3233 nona
482 3174 561 3234 diem
582 3176 754 3237 mortalibus
773 3178 885 3236 almum

134 3259 264 3314 ‘Aurora
285 3254 418 3312 extulerit
437 3253 584 3327 radiisque
603 3255 739 3316 retexerit
759 3258 869 3327 orbem,
1076 3261 1106 3337 65

82 3395 86 3404 ,
136 3334 251 3390 ‘Prima
270 3331 346 3390 citae
367 3330 488 3389 Teucris
509 3348 620 3404 ponam
640 3333 801 3394 certamina
821 3335 922 3396 classis
932 3357 942 3409 3
968 3367 971 3372 ·
