2460 3686
386 117 625 175 AENEJDOS
650 116 734 174 rsa
763 74 820 172 ia.

81 269 232 341 Interea,
255 279 284 327 et
304 269 426 327 tacitum
446 267 517 327 vivit
536 268 592 327 sub
612 275 731 343 pectore
751 267 862 324 volnus

80 348 208 408 Uritur
226 347 327 408 infelix
348 348 429 408 Dido
449 359 571 423 totaque
593 358 711 423 vagatur

79 427 190 487 Urbe
210 429 316 500 furens,
338 428 432 504 qualis
453 429 588 488 coniecta
607 446 693 485 cerva
713 423 825 500 sagitta,

80 507 204 580 Quam
225 509 327 584 procul
347 509 494 567 incautam
516 526 639 565 nemora
658 506 733 564 inter
754 503 855 565 Cresia
875 499 936 560 fixit
1059 515 1118 571 70v

80 589 211 646 Pastor
230 607 321 663 agens
340 587 416 659 telis,
437 586 582 662 liquitque
602 585 720 644 volatile
740 587 846 644 ferrum

80 666 246 725 Nescius:
273 667 323 726 illa
342 668 411 742 fuga
431 667 517 725 silvas
538 667 686 739 saltusque
706 674 839 740 peragrat

81 746 248 806 Dictaeos
254 768 263 818 3
285 748 384 806 haeret
406 745 487 806 lateri
507 745 601 805 letalis
621 747 742 804 arundo.
832 783 836 794 «

82 828 197 884 Nunc
217 825 315 886 media
334 830 459 886 Aenean
479 845 579 884 secum
600 844 652 900 per
672 823 790 883 moenia
810 819 899 893 ducit,

81 905 300 980 Sidoniasque
322 917 450 966 ostentat
470 924 543 981 opes
564 907 726 981 urbemque
746 913 878 979 paratam
883 920 893 974 3
1058 917 1094 978 75

83 985 218 1060 Incipit
237 985 325 1056 effari,
348 985 504 1061 mediaque
525 985 556 1043 in
576 1003 649 1044 voce
670 983 789 1042 resistit:

84 1066 196 1123 Nunc
217 1066 321 1124 eadem
342 1066 460 1124 labente
481 1065 529 1124 die
549 1063 684 1124 convivia
704 1061 825 1138 quaerit,

85 1145 273 1220 Iliacosque
293 1145 397 1204 iterum
419 1145 541 1204 demens
562 1142 661 1202 audire
681 1145 797 1202 labores
818 1147 821 1151 '

88 1223 255 1299 Exposuit,
277 1226 449 1299 pendetque
468 1223 573 1283 iterum
594 1222 738 1282 narrantis
758 1223 796 1280 ab
817 1240 875 1281 ore.

89 1306 188 1375 Post,
208 1304 259 1363 ubi
279 1303 410 1380 digressi,
432 1305 591 1380 lumenque
612 1307 738 1362 obscura
756 1299 884 1359 vicissim
1059 1303 1096 1358 80

90 1385 192 1442 Luna
212 1384 325 1458 premit,
347 1385 530 1459 suadentque
549 1382 686 1442 cadentia
706 1381 801 1442 sidera
821 1399 950 1453 somnos,

90 1465 175 1523 Sola
196 1465 288 1523 domo
308 1476 419 1523 maeret
439 1483 540 1535 vacua,
560 1462 713 1538 stratisque
734 1460 841 1522 relictis

93 1545 247 1603 Incubat:
267 1543 350 1602 illum
371 1547 477 1610 absens
497 1545 650 1602 absentem
670 1543 810 1617 auditque
829 1541 969 1616 videtque

95 1626 166 1681 Aut
187 1623 299 1698 gremio
320 1624 489 1693 Ascanium,
510 1623 648 1698 genitoris
670 1622 796 1698 imagine
816 1633 910 1698 capta,

96 1703 238 1774 Detinet,
260 1703 415 1762 infandum
436 1703 461 1761 si
481 1704 579 1761 fallere
600 1703 693 1777 possit
712 1722 851 1761 amorem.
1057 1702 1094 1774 85

98 1785 178 1841 Non
200 1794 323 1859 coeptae
344 1794 499 1858 assurgunt
520 1794 611 1841 turres
617 1804 625 1855 ;
650 1802 711 1842 non
731 1802 813 1842 arma
834 1782 969 1842 iuventus

98 1865 242 1935 Exercet,
263 1874 401 1937 portusve
421 1874 472 1921 aut
492 1864 712 1939 propugnacula
731 1863 810 1922 bello

98 1945 186 2001 Tuta
206 1954 323 2018 parant:
351 1943 483 2018 pendent
504 1961 594 2018 opera
614 1942 783 2017 interrupta,
807 1941 965 2017 minaeque

100 2024 262 2081 Murorum
281 2021 423 2098 ingentes,
445 2034 628 2097 aequataque
649 2021 786 2080 machina
806 2022 895 2080 caelo.

148 2103 247 2174 Quam
268 2101 354 2160 simul
374 2121 410 2160 ac
430 2101 480 2160 tali
500 2101 643 2177 persensit
663 2112 747 2177 peste
768 2100 860 2159 teneri
1059 2123 1098 2178 po

101 2184 185 2243 Cara
205 2180 285 2240 Iovis
305 2181 443 2253 coniunx,
465 2201 521 2240 nec
541 2183 650 2240 famam
672 2182 788 2240 obstare
808 2179 905 2254 surori,

102 2260 231 2320 Talibus
251 2260 418 2336 adgreditur
437 2263 585 2320 Venerem
606 2259 742 2322 Saturnia
762 2257 859 2318 dictis:

104 2341 276 2416 ‘Egregiam
296 2360 366 2400 vero
386 2341 505 2400 laudem
526 2353 556 2400 et
576 2341 671 2417 spolia
691 2341 791 2416 ampla
810 2338 921 2399 refertis

105 2423 230 2495 ‘Tuque
250 2439 381 2497 puerque
400 2431 475 2492 tuus,
498 2440 637 2496 magnum
659 2432 688 2479 et
708 2421 899 2480 memorabile
915 2441 1034 2495 nomen,

105 2502 194 2562 ‘Una
213 2500 284 2560 dolo
304 2499 405 2559 divom
427 2499 451 2560 si
471 2501 581 2560 femina
600 2500 678 2559 victa
697 2501 824 2560 duorum
845 2511 896 2560 est.
1060 2519 1096 2579 95
1119 2513 1121 2516 '

106 2582 189 2638 ‘Nec
209 2598 258 2638 me
278 2581 355 2639 adeo
375 2579 456 2651 fallit,
478 2581 599 2640 veritam
620 2588 651 2639 te
671 2581 790 2640 moenia
809 2592 909 2640 nostra

107 2661 278 2734 ‘Suspectus
299 2659 437 2720 habuisse
456 2660 563 2720 domos
584 2659 767 2736 Carthaginis
787 2663 870 2719 altae.

106 2739 181 2799 ‘Sed
201 2738 266 2814 quis
288 2740 341 2798 erit
361 2741 487 2798 modus?
513 2751 563 2799 aut
584 2758 644 2814 quo
665 2759 745 2798 nunc
765 2739 925 2798 certamine
946 2745 1046 2801 tanto?

106 2818 204 2892 ‘Quin
223 2818 322 2893 potius
343 2838 449 2893 pacem
469 2831 619 2878 aeternam
641 2830 802 2894 pactosque
823 2821 1001 2894 hymenaeos

107 2901 320 2958 ‘Exercemusl
346 2899 446 2968 habes,
469 2909 532 2964 tota
551 2899 634 2974 quod
654 2910 753 2957 mente
774 2897 888 2972 petisti:
1043 2920 1098 2958 100

106 2979 215 3038 ‘Ardet
235 2997 339 3037 amans
360 2978 442 3037 Dido
463 2977 606 3054 traxitque
627 2996 681 3053 per
701 2996 769 3036 ossa
788 2980 923 3037 furorem.

106 3059 322 3118 ‘Communem
343 3058 422 3116 hunc
443 3076 512 3133 ergo
533 3058 677 3134 populum
698 3057 878 3134 paribusque
898 3077 1031 3136 regamus

106 3135 283 3212 ‘Auspiciis3
310 3136 397 3195 liceat
418 3135 544 3213 Phrygio
565 3135 671 3196 servire
692 3137 806 3210 marit0,

107 3216 298 3292 ‘Dotalisque
319 3227 392 3276 tuae·
407 3216 511 3293 Tyrios
532 3215 701 3292 permittere
722 3217 860 3276 dextrae?

148 3295 341 3356 Olli-sensit
360 3295 441 3355 enim
462 3296 598 3356 simulata
618 3308 718 3356 mente
738 3298 878 3373 locutam,
1044 3316 1097 3375 105

107 3379 179 3453 Quo
199 3395 322 3454 regnum
344 3375 447 3436 Italiae
469 3375 593 3452 Libycas
613 3387 756 3436 averteret
776 3395 883 3436 oras-
