2442 3686
406 107 649 180 Aarvsmos
671 121 758 178 rra
787 121 825 180 X.
1049 137 1104 195 351

114 245 251 319 Iamque
271 243 302 302 in
322 253 481 318 conspectu
501 246 630 302 Teucros
649 245 738 302 habet
758 253 788 302 et
807 261 860 301 sua
879 251 978 314 castra,
1049 243 1104 300 260

116 323 213 380 Stans
233 324 312 381 celsa
331 321 362 379 in
382 321 491 397 puppi;
514 323 640 398 clipeum
660 341 727 378 cum
748 321 856 380 deinde
876 321 990 380 sinistra

117 399 240 458 Extulit
260 401 418 459 ardentem.
461 401 625 460 Clamorem
645 401 683 458 ad
704 399 798 458 sidera
817 401 923 458 tollunt

119 477 316 538 Dardanidae
338 498 355 537 e
374 477 480 550 muris,
503 497 569 554 spes
589 478 689 537 addita
709 477 826 537 suscitat
846 477 921 538 iras:

118 559 203 616 Tela
221 576 310 615 manu
329 556 454 616 iaciunt:
482 558 581 632 quales
602 558 656 616 sub
677 557 802 615 nubibus
822 555 889 615 atris

120 634 309 712 Strymoniae
329 636 401 694 dant
420 635 501 711 signa
519 655 612 710 grues,
633 647 721 710 atque
741 636 858 694 aethera
877 644 992 694 tranant
1051 635 1105 709 265

124 716 207 773 Cum
228 714 332 786 souitu,
353 713 522 790 fugiuntque
542 725 628 773 notos
648 716 775 772 clamore
794 715 932 773 secundo.

124 795 169 851 At
191 794 300 851 Rutulo
320 792 379 866 regi
400 792 580 868 ducibusque
601 812 636 851 ea
654 792 726 850 mira
745 791 835 851 videri

126 871 275 943 Ausoniis
297 871 392 931 donec
411 889 507 930 versas
526 872 565 929 ad
584 871 667 929 litora
687 889 800 946 puppes

130 948 312 1024 Respiciunt,
334 959 485 1024 totumque
504 948 602 1008 adlabi
622 951 762 1008 classibus
781 967 897 1024 aequor.

129 1029 224 1087 Ardet
243 1047 318 1103 apex
337 1027 434 1103 capiti,
455 1027 604 1103 cristisque
623 1047 642 1086 a
661 1027 767 1086 vertice
787 1029 903 1084 flamma
1051 1042 1107 1098 270

129 1105 282 1177 Funditur,
304 1116 333 1165 et
354 1117 450 1164 vastos
470 1108 560 1166 umbo
579 1105 671 1184 vomit
690 1125 792 1164 aureus
813 1105 911 1180 ignes:

130 1187 203 1242 Non
223 1203 315 1256 secus,
336 1203 371 1243 ac
390 1184 501 1260 liquida
520 1184 544 1242 si
564 1185 683 1260 quando
703 1195 790 1243 nocte
810 1194 942 1242 cometae

128 1263 287 1338 Sanguinei
306 1265 427 1338 lugubre
446 1264 559 1330 rubent,
580 1274 630 1321 aut
650 1261 737 1321 Sirius
757 1263 852 1332 ardor,

130 1343 188 1400 Ille
208 1341 285 1401 sitim
304 1343 481 1416 morbosque
501 1343 594 1400 ferens
615 1341 782 1399 mortalibus
801 1339 893 1415 aegris

130 1419 277 1492 Nascitur,
299 1433 328 1478 et
348 1420 431 1478 laevo
450 1419 600 1478 contristat
621 1418 729 1477 lumine
750 1421 871 1478 caelum.
1052 1435 1085 1488 ²7
1090 1433 1106 1492 5

173 1500 265 1557 Haud
285 1509 382 1556 tamen
402 1497 505 1556 audaci
525 1500 626 1555 Turno
646 1497 753 1556 fiducia
772 1497 858 1556 cessit

130 1575 233 1636 Litora
253 1575 425 1652 praecipere,
448 1587 477 1634 et
496 1577 644 1634 venientes
666 1577 772 1651 pellere
792 1587 873 1636 terra

132 1653 234 1734 [Ultro
253 1655 367 1714 animos
387 1655 461 1713 tollit
481 1654 574 1724 dictis,
595 1665 682 1729 atque
702 1655 832 1730 increpat
852 1656 927 1714 ultro
938 1650 958 1734 :]

132 1735 241 1808 ‘Quod
261 1733 336 1792 votis
358 1733 486 1808 optastis,
508 1734 598 1804 adest,
619 1735 790 1808 perfringere
811 1734 918 1792 dextra

133 1815 190 1871 ‘In
210 1811 343 1870 manibus
364 1813 444 1870 Mars
465 1811 526 1886 ipse
546 1811 620 1870 viris.
662 1814 750 1870 Nunc
769 1811 899 1886 coniugis
919 1822 983 1870 esto
1054 1814 1110 1868 280

133 1891 283 1966 ‘Quisque
304 1909 373 1949 suae
394 1891 520 1965 tectique
539 1909 667 1963 memor3
691 1909 769 1948 nunc
788 1909 894 1964 magna
913 1892 1016 1949 referto

133 1974 143 2003 ‘
154 1972 250 2041 Facta,
272 1979 385 2046 patrum
406 1971 515 2027 laudes,
557 1970 643 2027 Ultro
663 1986 846 2027 occurramus
865 1968 904 2026 ad
924 1969 1041 2039 undam,

135 2051 233 2106 ‘Dum
254 2047 366 2123 trepidi,
386 2048 565 2123 egressisque
585 2049 684 2106 labant
703 2046 823 2122 vestigia
842 2045 942 2122 prima

135 2127 303 2185 ‘Audentes
324 2128 451 2187 Fortuna
470 2125 566 2187 iuvat*

136 2208 222 2264 Haec
241 2204 289 2277 ait,
312 2214 340 2263 et
360 2224 459 2264 secum
480 2215 581 2277 versat,
603 2223 677 2280 quos
697 2204 802 2264 ducere
822 2214 930 2274 eontra,
1056 2204 1109 2277 285

134 2285 192 2342 Vel
213 2283 317 2357 quibus
337 2285 472 2343 obsessos
492 2284 584 2358 possit
604 2284 778 2342 concredere
797 2301 903 2342 muros.

176 2363 293 2420 Interea
313 2363 427 2421 Aeneas
447 2362 542 2421 socios
562 2362 600 2420 de
619 2362 765 2437 puppibus
785 2361 850 2420 altis

136 2439 280 2499 Pontibus
300 2441 426 2516 exponit.
469 2439 557 2498 Multi
576 2459 687 2499 servare
709 2459 839 2498 recursus

135 2517 315 2594 Languentis
335 2517 438 2594 pelagi,
460 2529 490 2578 et
510 2520 644 2578 brevibus
665 2537 696 2577 se
718 2520 834 2577 credere
855 2519 947 2590 saltu3

136 2599 194 2656 Per
214 2615 308 2656 remos
328 2597 384 2654 alii.
425 2598 594 2672 Speculatus
615 2597 700 2655 litora
719 2598 863 2668 Tarchon,
1058 2611 1114 2666 290

137 2676 207 2749 Qua
225 2675 300 2734 vada
319 2694 378 2735 non
399 2676 516 2751 spirant,
537 2694 592 2734 nec
612 2677 701 2732 fracta
720 2683 909 2732 remurmurat
928 2674 1015 2741 unda,

137 2755 195 2812 Sed
216 2772 294 2811 mare
314 2753 489 2813 inoffensum
510 2752 649 2812 crescenti
669 2752 813 2811 adlabitur
832 2761 913 2810 aestu
923 2772 933 2824 3

137 2831 271 2892 Advertit
292 2831 389 2891 subito
408 2850 514 2907 proras,
537 2831 689 2906 sociosque
709 2840 859 2904 precatur:

138 2913 253 2981 ‘Nunc,
276 2929 295 2970 o
314 2911 390 2969 lecta
409 2928 520 2980 manus,
542 2908 644 2968 validis
664 2908 824 2966 incumbite
844 2906 929 2965 remis
939 2928 947 2979 ;

139 2989 271 3060 ‘Tollite,
293 2989 364 3047 ferte
384 2999 477 3061 rates3
500 2987 647 3046 inimicam
668 2985 768 3045 findite
787 2985 886 3044 rostris
1059 2999 1114 3060 295

138 3069 246 3125 ‘Hanc
266 3067 571 3141 terram,sulcumque
590 3065 645 3126 sibi
664 3075 776 3141 premat
796 3063 860 3140 ipsa
879 3061 983 3121 carina.

139 3147 301 3219 ‘Frangere
319 3163 375 3203 nec
395 3144 445 3202 tali
465 3144 586 3218 puppim
607 3144 732 3202 statione
751 3161 860 3215 recuso,

103 3228 107 3232 ’
139 3225 280 3296 ‘Arrepta
300 3224 401 3280 tellure
421 3225 528 3280 semel’
570 3223 654 3294 Quae
675 3220 743 3278 talia
760 3231 917 3297 postquam

141 3303 252 3359 Effatus
271 3301 416 3371 Tarchon,
438 3300 510 3358 socii
529 3318 701 3376 consurgere
721 3301 821 3370 tonsis,
