2494 3702
176 121 233 190 164
427 117 463 176 P.
500 116 689 176 VERGILI
711 117 924 177 MARONIS

175 247 368 322 Prospectum
390 247 450 306 late
473 246 579 338 pelago
601 244 684 322 petit,
707 247 827 308 Anthea
848 245 874 306 si
887 265 987 323 quem

177 326 322 385 lactatum
344 335 433 386 vento
457 326 556 386 videat
580 324 780 402 Phrygiasque
804 324 940 398 biremes,

175 407 236 464 Aut
258 407 373 481 Capyn,
398 416 450 465 aut
472 405 560 466 celsis
580 405 611 464 in
633 406 783 482 puppibus
806 425 888 466 arma
909 406 1001 467 Caici.

175 486 292 545 Navem
316 485 347 544 in
370 497 534 562 conspectu
556 487 677 557 nullam,
699 496 758 545 tres
778 485 864 546 litore
884 506 986 546 cervos

177 564 322 642 Prospieit
347 576 495 638 errantes3
522 566 578 625 hos
599 576 662 624 tota
682 577 817 625 armenta
837 577 1002 642 sequuntur
1129 571 1183 644 185

176 647 202 704 A
224 655 314 722 tergo,
336 656 366 706 et
386 647 507 722 longum
527 665 581 722 per
599 647 690 704 valles
711 646 841 721 pascitur
859 665 974 723 agmen.

177 724 318 786 Constitit
337 723 394 796 hic,
415 745 574 801 arcumque
595 744 685 784 manu
707 728 876 802 celeresque
900 726 1020 803 sagittas

178 804 336 882 Corripuit,
358 806 434 865 fidus
455 825 532 882 quae
553 807 612 864 tela
631 806 751 882 gerebat
771 807 909 878 Achates,

179 888 384 962 Ductoresque
405 885 486 961 ipsos
506 885 642 962 primum,
665 885 762 962 capita
782 888 842 945 alta
861 888 987 946 ferentes

177 964 324 1026 Cornibus
345 965 482 1038 arboreis,
503 965 622 1040 sternit3
652 977 715 1024 tum
736 967 840 1042 volgus
860 977 889 1026 et
910 985 1032 1026 omnem
1126 986 1182 1041 190

178 1044 286 1105 Miscet
306 1065 396 1122 agens
416 1045 482 1106 telis
501 1065 624 1106 nemora
643 1044 718 1104 inter
738 1047 861 1106 frondea
881 1048 997 1106 turbam
1007 1067 1017 1120 ;

178 1128 245 1185 Nec
265 1125 345 1201 prius
365 1125 488 1199 absistit,
511 1145 600 1201 quam
622 1135 734 1202 septem
757 1125 888 1203 ingentia
908 1126 1001 1185 victor

178 1208 311 1281 Corpora
325 1207 430 1266 fundat
450 1207 534 1265 humi
555 1217 584 1266 et
605 1224 760 1264 numerum
781 1226 849 1266 cum
870 1206 995 1265 navibus
1016 1217 1138 1282 aequet

180 1284 262 1344 Hinc
281 1297 398 1361 portum
420 1287 503 1362 petit,
524 1297 555 1346 et
575 1285 672 1345 socios
692 1287 814 1362 partitur
834 1287 865 1345 in
885 1305 998 1346 omnes.

179 1365 258 1425 Vina
278 1366 374 1425 bonus
395 1386 470 1442 quae
491 1366 602 1426 deinde
621 1365 704 1426 cadis
725 1377 858 1426 onerarat
877 1369 1002 1426 Acestes
1125 1383 1177 1442 195

180 1445 280 1504 Litore
300 1445 452 1506 Trinacrio
473 1447 655 1520 dederatque
675 1447 852 1507 abeuntibus
873 1448 969 1518 heros,

181 1524 304 1597 Dividit,
326 1538 355 1586 et
376 1526 462 1586 dictis
482 1526 643 1586 maerentia
663 1538 784 1602 pectora
804 1528 933 1598 mulcet;

181 1607 225 1667 ‘O
248 1605 329 1677 socii,
354 1606 563 1685 (nequeenim
584 1606 676 1682 ignari
697 1626 798 1666 sumus
818 1618 888 1667 ante
907 1604 1077 1686 malorum),

180 1687 226 1747 ‘O
246 1686 325 1763 passi
345 1687 488 1763 graviora,
508 1688 591 1747 dabit
611 1687 685 1746 deus
705 1687 751 1746 his
771 1706 891 1763 quoque
914 1688 1014 1750 finem.

181 1769 260 1825 ‘Vos
281 1777 311 1826 et
332 1768 493 1844 Scyllaeam
514 1768 626 1827 rabiem
647 1767 824 1844 penitusque
845 1779 985 1827 sonantes
1121 1787 1176 1825 200

181 1845 329 1906 ‘Accestis
349 1849 494 1923 scopulos,
517 1867 571 1907 vos
592 1857 621 1906 et
642 1848 793 1925 Cyclopea
813 1867 883 1908 saxa

182 1926 338 2003 ‘Expertit
365 1939 502 1988 revocate
521 1927 645 2002 animos,
667 1940 871 2004 maestumque
891 1926 1029 1987 timorem

182 2006 327 2082 ‘Mittite3
347 2009 445 2068 forsan
466 2018 495 2067 et
516 2009 590 2068 haec
611 2010 682 2069 olim
703 2007 871 2068 meminisse
892 2007 1013 2068 iuvabit.

180 2090 256 2147 ‘Per
275 2087 370 2147 varios
391 2108 484 2160 casus,
505 2107 559 2165 per
578 2099 622 2148 tot
643 2087 813 2150 discrimina
833 2107 928 2148 rerum

181 2167 367 2227 ‘Tendimus
387 2167 417 2227 in
439 2169 565 2240 Latium,
587 2171 673 2230 sedes
693 2168 744 2228 ubi
763 2170 823 2228 fata
844 2167 959 2244 quietas
1119 2185 1174 2244 205

184 2249 396 2321 ‘Ostendunt;
421 2247 481 2308 illic
501 2251 544 2308 sas
564 2268 655 2325 regna
674 2267 822 2325 resurgere
841 2248 957 2308 Troiae.

184 2329 323 2401 ‘Durate‚
346 2338 376 2388 et
395 2339 511 2388 vosmet
531 2330 618 2390 rebus
638 2341 751 2390 servate
772 2328 928 2388 secundis!

221 2407 307 2466 Talia
327 2427 402 2468 voce
423 2410 518 2484 refert,
542 2410 678 2489 curisque
700 2408 866 2487 ingentibus
886 2427 975 2484 aeger

180 2489 271 2564 Spem
284 2489 366 2547 voltu
387 2487 514 2562 simulat,
535 2491 642 2567 premit
662 2492 755 2549 altum
775 2489 865 2549 corde
886 2489 1028 2549 dolorem.

184 2567 232 2626 Illi
252 2587 284 2627 se
304 2569 431 2644 praedae
451 2569 609 2646 accingunt
629 2571 815 2648 dapibusque
834 2568 955 2629 suturis:
1118 2587 1175 2626 210

181 2649 311 2726 Tergora
331 2647 471 2726 diripiunt
492 2649 581 2711 costis
602 2662 632 2711 et
651 2651 763 2711 viscera
783 2649 906 2721 nudant,

106 2749 110 2756 ⁴
184 2731 254 2789 Pars
275 2728 306 2788 in
325 2731 416 2789 frusta
436 2741 537 2790 secant
556 2731 732 2808 veribusque
751 2729 907 2790 trementia
927 2730 1030 2806 figunt,

130 2874 133 2879 ,
183 2809 283 2869 Litore
305 2812 381 2869 atina
401 2811 502 2870 locant
522 2810 572 2870 alii
592 2812 786 2886 flammasque
806 2808 977 2869 ministrant

181 2892 261 2948 Tum
280 2889 359 2950 victu
381 2902 520 2950 revocant
540 2890 626 2965 vires,
646 2891 764 2968 fusique
783 2909 837 2966 per
856 2890 979 2949 herbam

182 2971 338 3046 Inplentur
357 2969 463 3030 veteris
485 2971 596 3032 Bacchi
615 2970 791 3049 pinguisque
811 2967 928 3030 ferinae
1119 2987 1172 3048 215

183 3051 346 3125 Postquam
367 3061 506 3124 exempta
527 3053 619 3112 fames
641 3051 736 3128 epulis
757 3068 939 3127 mensaeque
960 3058 1098 3124 remotae,

182 3127 315 3186 Amissos
335 3130 426 3202 longo
447 3128 543 3188 socios
564 3150 701 3190 sermone
720 3129 870 3205 requirunt

183 3208 332 3281 Spemque
353 3216 525 3281 metumque
545 3206 621 3267 inter
640 3207 731 3281 dubii,
754 3227 806 3267 seu
825 3208 923 3268 vivere
943 3208 1067 3267 credant

183 3284 250 3342 Sive
270 3294 401 3342 extrema
419 3285 481 3359 pati
502 3303 558 3344 nec
577 3285 637 3344 iam
658 3286 796 3346 exaudire
816 3298 946 3347 vocatos.

185 3360 344 3438 Praecipue
364 3360 430 3438 pius
450 3365 569 3423 Aeneas
589 3383 668 3422 nunc
688 3365 762 3425 acris
783 3365 898 3439 Oronti,
1119 3389 1173 3430 220
