2494 3702
144 95 200 148 140
405 81 441 138 P.
465 80 655 140 VERGILI
668 79 879 139 MARONIS

145 228 294 303 Squamea
313 225 495 286 convolvens
516 226 633 286 sublato
653 236 773 301 pectore
793 235 874 304 terga

144 311 244 384 Atque
263 305 342 366 notis
363 307 482 382 longam
503 308 670 366 maculosus
689 306 848 382 grandibus
869 308 975 378 alvom,

146 387 215 462 Qui
237 388 309 446 dum
329 405 433 445 amnes
454 386 506 445 ulli
525 399 701 463 rumpuntur
720 387 850 446 fontibus
871 397 901 447 et
921 389 992 447 dum

144 470 222 528 Vere
243 467 364 527 madent
384 467 446 526 udo
466 477 560 526 terrae
580 486 617 526 ac
636 466 811 542 pluvialibus
831 467 944 539 austris,

146 550 255 624 Stagna
275 546 355 618 colit,
376 546 508 624 ripisque
528 547 664 607 habitans
684 547 733 605 hic
753 547 883 624 piscibus
903 557 996 606 atram
1081 566 1142 622 430

148 629 306 704 Improbus
326 627 487 703 ingluviem
508 627 645 705 ranisque
665 627 838 704 loquacibus
859 628 973 702 explet3

147 711 312 783 Postquam¹
331 719 433 766 exusta
453 709 546 782 palus,
567 719 719 784 terraeque
739 709 844 767 ardore
864 707 1030 780 dehiscunt,

147 787 253 848 Exsilit
272 787 304 846 in
324 787 435 846 siccum
456 799 486 846 et
505 788 686 846 flammantia
706 787 819 846 lumina
838 798 978 863 torquens

147 867 246 928 Saevit
265 867 349 943 agris,
370 886 516 943 asperque
537 867 584 926 siti
605 879 693 944 atque
714 867 866 927 exterritus
886 877 975 926 aestu.

148 951 196 1008 Ne
217 947 289 1006 mihi
310 959 373 1006 tum
393 949 498 1006 molles
518 950 575 1008 sub
595 948 666 1007 divo
687 967 806 1024 carpere
825 965 946 1007 somnos
1076 965 1138 1022 435

148 1031 217 1089 Νο0
237 1029 327 1087 dorso
346 1026 476 1087 nemoris
496 1027 586 1087 libeat
606 1028 731 1087 iacuisse
751 1047 803 1104 per
823 1030 935 1101 herbas,
1091 1041 1095 1047 ⁴

148 1110 227 1169 Cum
247 1106 351 1185 positis
371 1126 468 1166 novus
488 1108 599 1168 exuviis
619 1107 790 1184 nitidusque
811 1107 929 1166 iuventa

147 1187 285 1248 Volvitur
303 1199 356 1247 aut
375 1190 490 1248 catulos
510 1188 596 1248 tectis
616 1199 666 1247 aut
686 1207 742 1247 ova
761 1189 928 1265 relinquens

147 1270 267 1328 Arduus
287 1269 328 1328 ad
347 1270 441 1327 solem
462 1280 492 1328 et
511 1266 618 1345 linguis
638 1268 728 1328 micat
748 1288 799 1328 ore
819 1269 949 1330 trisulcis.

190 1351 366 1409 Morborum
386 1368 506 1426 quoque
526 1360 556 1408 te
577 1369 680 1408 causas
701 1359 731 1409 et
752 1351 834 1426 signa
854 1349 977 1408 docebo.
1083 1369 1143 1422 440

148 1427 256 1509 Turpis
278 1448 349 1488 oves
370 1440 496 1505 temptat
517 1429 637 1502 scabies,
659 1430 712 1489 ubi
730 1429 850 1506 frigidus
870 1428 965 1488 imber
1222 1431 1223 1442 ¹

149 1509 246 1569 Altius
267 1511 308 1569 ad
326 1508 427 1569 vivom
447 1510 576 1586 persedit
596 1520 626 1569 et
646 1508 765 1569 horrida
784 1528 860 1568 cano

150 1591 259 1648 Bruma
277 1591 354 1666 gelu,
375 1591 423 1650 vel
443 1609 511 1649 cum
531 1589 625 1650 tonsis
644 1589 754 1649 inlotus
774 1588 907 1648 adhaesit

150 1670 245 1729 Sudor
265 1681 295 1730 et
314 1669 417 1729 hirsuti
438 1681 594 1730 secuerunt
613 1689 738 1747 corpora
756 1688 866 1745 vepres.

150 1749 297 1810 Dulcibus
318 1749 429 1810 idcirco
449 1751 544 1810 fluviis
563 1770 655 1826 pecus
675 1769 765 1810 omne
786 1749 915 1825 magistri
1084 1769 1140 1826 445

151 1832 344 1902 Perfundunt,
365 1831 491 1907 udisque
510 1830 584 1891 aries
605 1831 636 1889 in
655 1830 769 1907 gurgite
788 1827 863 1888 villis

151 1913 299 1970 Mersatur
318 1911 482 1985 missusque
503 1912 634 1970 secundo
655 1910 757 1970 defluit
777 1910 855 1968 amni
865 1931 874 1983 ς

151 1993 212 2050 Aut
232 2002 351 2050 tonsum
372 1992 445 2050 tristi
465 1991 639 2066 contingunt
658 2009 766 2066 corpus
786 2010 906 2049 amurca

151 2072 191 2129 Et
211 2089 331 2148 spumas
351 2070 477 2130 miscent
496 2070 609 2148 argenti
629 2070 754 2145 vivaque
775 2072 883 2128 sulfura

151 2153 318 2227 Idaeasque
338 2149 420 2226 pices
441 2161 470 2210 et
490 2150 613 2226 pingues
634 2150 765 2226 unguine
786 2168 867 2209 ceras
1081 2170 1140 2226 450

151 2231 328 2304 Scillamque
349 2231 553 2306 elleborosque
572 2249 674 2305 graves
695 2228 868 2306 nigrumque
888 2228 1029 2288 bitumen.

152 2312 224 2370 Non
244 2321 344 2368 tamen
366 2312 426 2368 ulla
445 2311 537 2386 magis
557 2329 696 2387 praesens
717 2311 835 2370 fortuna
854 2311 987 2368 laborum
1009 2320 1062 2381 est,

152 2390 250 2463 Quam
271 2389 296 2447 si
317 2389 382 2464 quis
402 2391 477 2449 ferro
498 2391 595 2464 potuit
615 2390 780 2450 rescindere
801 2408 949 2448 summum

151 2468 268 2528 Ulceris
291 2487 343 2527 os:
371 2467 458 2527 alitur
480 2469 583 2528 vitium
606 2471 736 2545 vivitque
758 2470 894 2546 tegendo,

152 2550 234 2608 Dum
259 2547 389 2607 medicas
411 2548 551 2608 adhibere
572 2569 677 2608 manus
699 2550 738 2608 ad
760 2552 878 2608 volnera
900 2559 1000 2624 pastor
1082 2567 1139 2625 455

151 2629 288 2704 Abnegat
313 2640 342 2687 et
364 2627 485 2687 meliora
508 2630 580 2687 deos
604 2631 688 2689 sedet
711 2628 811 2690 omnia
832 2647 968 2706 poscens.

153 2707 351 2783 Quinetiam,
374 2707 433 2767 ima
455 2709 540 2768 dolor
561 2710 712 2768 balantum
736 2710 835 2785 lapsus
860 2709 898 2767 ad
922 2728 989 2767 ossa

153 2790 231 2848 Cum
252 2787 320 2847 furit
341 2799 430 2864 atque
452 2800 531 2848 artus
555 2790 723 2863 depascitur
742 2790 824 2847 arida
844 2789 940 2861 febris,

153 2867 266 2926 Profuit
287 2868 424 2927 incensos
446 2880 544 2927 aestus
564 2880 693 2928 avertere
717 2879 745 2926 et
766 2869 842 2927 inter

153 2950 219 3007 Ima
240 2946 323 3006 ferire
345 2947 429 3022 pedis
453 2947 605 3007 salientem
630 2948 772 3024 sanguine
795 2967 910 3018 venam,
1083 2955 1143 3022 460

153 3026 280 3085 Bisaltae
303 3045 362 3100 quo
385 3045 468 3084 more
492 3029 587 3085 solent
609 3045 735 3102 acerque
759 3028 910 3098 Gelonus3

153 3107 231 3164 Cum
253 3103 325 3177 fugit
346 3104 378 3160 in
401 3104 571 3178 Rhodopen
593 3115 682 3180 atque
703 3106 735 3162 in
759 3107 875 3164 deserta
896 3107 1037 3166 Getarum

154 3185 193 3239 Et
217 3181 262 3238 lae
284 3190 453 3238 concretum
478 3200 546 3237 cum
568 3183 709 3256 sanguine
731 3194 814 3259 potat
838 3184 955 3260 equino.

155 3261 253 3332 Quam
274 3259 379 3331 procul
401 3270 451 3315 aut
473 3259 555 3316 molli
577 3263 735 3320 succedere
759 3261 875 3337 saepius
888 3265 1021 3324 umbrae

153 3335 277 3408 Videris,
302 3346 352 3394 aut
374 3355 503 3395 summas
526 3350 694 3412 carpentem
717 3339 848 3415 ignavius
872 3343 977 3400 herbas
1084 3352 1141 3430 465
