2494 3702
159 53 215 112 150
417 38 453 94 P.
477 38 667 98 VERGILI
680 37 890 98 MARONIS

158 181 277 254 Omnia,
300 202 357 243 nec
378 183 465 242 morti
486 203 552 244 esse
574 184 683 254 locum,
706 185 760 243 sed
781 185 848 242 viva
867 185 965 242 volare

157 262 266 323 Sideris
287 261 319 322 in
341 282 496 322 numerum
519 275 607 339 atque
629 265 689 324 alto
713 263 871 324 succedere
892 265 985 322 caelo.

198 342 371 418 Siquando
393 344 495 403 sedem
517 355 671 420 angustam
694 355 866 420 servataque
889 345 977 402 mella

158 423 315 482 lhesauris
337 422 451 497 relines,
476 423 556 499 prius
578 426 683 484 haustu
707 442 824 501 sparsus
845 443 985 500 aquarum

159 505 221 564 Ora
240 505 308 562 fove
329 504 484 581 fumosque
506 523 596 563 manu
617 506 779 579 praetende
800 522 949 580 sequaces.

160 584 210 643 Bis
230 582 365 660 gravidos
386 594 495 660 cogunt
515 585 599 656 fetus
621 586 682 645 duo
703 595 836 660 tempora
856 583 966 656 messis,

159 667 290 740 Taygete
311 664 398 722 simul
418 682 452 723 os
472 663 555 724 terris
576 663 706 725 ostendit
726 666 883 724 honestum

159 744 246 816 Plias,
270 755 299 803 et
320 743 434 804 Oceani
454 755 569 819 spretos
589 745 667 820 pede
687 744 816 820 reppulit
835 763 945 816 amnes,

159 827 221 883 Aut
242 824 346 884 eadem
368 823 449 883 sidus
469 824 583 900 fugiens
604 825 655 885 ubi
677 825 768 884 Piscis
789 823 893 900 aquosi

159 903 283 964 Tristior
301 903 439 964 hibernas
459 907 543 963 caelo
564 904 717 965 descendit
737 904 768 964 in
788 906 890 964 undas.

161 983 223 1043 Illis
243 983 286 1043 ira
305 985 428 1044 modurn
448 1003 537 1061 supra
555 997 608 1055 est,
630 987 786 1061 laesaeque
806 1004 952 1044 venenum

161 1064 311 1124 Morsibus
331 1064 482 1141 inspirant,
505 1076 534 1124 et
554 1065 667 1141 spicula
686 1085 775 1124 caeca
793 1065 960 1141 rehnquont

160 1145 286 1204 Adfixae
305 1144 396 1218 venis,
419 1145 591 1221 animasque
611 1145 641 1204 in
661 1148 781 1206 volnere
799 1155 921 1221 ponunt.

160 1224 213 1284 Sin
234 1226 338 1285 duram
359 1236 474 1285 metues
495 1226 623 1285 hiemem
644 1245 805 1302 parcesque
824 1227 921 1284 futuro

161 1307 370 1381 Contusosque
390 1305 505 1365 animos
526 1318 556 1365 et
576 1325 622 1365 res
642 1306 818 1366 miserabere
838 1307 959 1364 fractas:

160 1388 201 1444 At
222 1386 318 1446 suffire
339 1388 442 1462 thymo
461 1405 602 1462 cerasque
622 1386 750 1446 recidere
770 1386 872 1445 inanes

161 1465 238 1540 Quis
258 1464 396 1526 dubitet?
422 1485 491 1524 uam
512 1485 601 1542 saepe
620 1469 703 1526 favos
723 1465 841 1542 ignotus
861 1464 961 1525 adedit

161 1545 260 1616 Stelio‚
282 1556 312 1606 et
332 1545 466 1622 lucifugis
487 1557 627 1622 congesta
647 1545 755 1606 cubilia
774 1546 881 1618 blattis,

163 1626 367 1701 Immunisque
388 1628 496 1685 sedens
517 1627 613 1685 aliena
632 1628 671 1686 ad
692 1629 801 1702 pabula
821 1629 903 1684 fucus
913 1648 922 1700 3

161 1710 222 1766 Aut
243 1726 329 1783 asper
349 1709 451 1767 crabro
472 1707 621 1783 inparibus
642 1726 674 1766 se
693 1705 841 1765 inmiscuit
861 1705 956 1776 annis,

162 1790 222 1845 Aut
242 1786 338 1846 dirum
360 1786 449 1846 tiniae
469 1806 569 1864 genus,
592 1799 643 1846 aut
663 1786 757 1845 invisa
778 1786 929 1845 Minervae

163 1870 259 1926 Laxos
279 1867 310 1924 in
330 1867 442 1927 foribus
462 1867 615 1943 suspendit
636 1886 743 1926 aranea
763 1886 868 1926 casses.

163 1947 232 2020 Quo
253 1946 344 2024 magis
365 1949 524 2006 exhaustae
543 1947 658 2018 fuerint,
680 1948 737 2006 hoc
757 1946 851 2006 acrius
872 1965 976 2006 omnes

163 2027 342 2087 Incumbent
361 2029 476 2104 generis
496 2027 572 2102 lapsi
592 2027 697 2087 sarcire
717 2027 823 2097 ruinas,

163 2107 424 2184 Complebuntque
444 2109 523 2167 foros
544 2120 574 2166 et
595 2107 714 2166 floribus
735 2109 839 2166 horrea
859 2117 966 2166 texent.

202 2186 232 2245 Si
253 2206 331 2259 vero,
355 2186 496 2263 quoniam
518 2207 602 2246 casus
623 2187 727 2263 apibus
747 2206 866 2262 quoque
887 2197 1002 2245 nostros

162 2265 232 2325 Vita
252 2267 326 2338 tulit,
348 2267 422 2327 tristi
442 2270 624 2344 languebunt
644 2286 767 2342 corpora
787 2269 931 2326 morbo-

163 2346 255 2420 Quod
274 2346 334 2404 iarn
354 2366 416 2405 non
437 2347 534 2407 dubiis
555 2346 665 2423 poteris
686 2366 864 2423 cognoscere
884 2345 990 2422 signis:

164 2425 316 2485 Continuo
338 2437 382 2485 est
402 2428 495 2502 aegris
515 2427 709 2501 aliuscolor3
732 2426 850 2487 horrida
869 2428 981 2486 voltum

163 2506 318 2565 Deformat
339 2507 448 2566 macies
457 2530 466 2582 ,·
494 2518 556 2566 tum
577 2523 700 2582 corpora
719 2508 785 2566 luce
806 2518 956 2567 carentum

164 2587 329 2660 Exportaut
348 2589 433 2646 tectis
454 2597 484 2646 et
503 2586 596 2646 tristia
615 2588 717 2646 funera
737 2589 867 2661 ducunt,

163 2667 225 2724 Aut
243 2665 311 2726 illae
331 2665 457 2742 pedibus
478 2685 608 2727 conexae
628 2668 667 2726 ad
687 2665 791 2724 limina
809 2668 950 2743 pendent,

164 2747 225 2804 Aut
245 2744 323 2804 intus
344 2746 449 2806 clausis
470 2757 646 2806 cunctantur
665 2746 696 2805 in
717 2747 848 2820 aedibus,
872 2765 975 2806 omnes

165 2826 353 2901 Ignavaeque
372 2828 450 2885 fame
471 2837 501 2886 et
521 2836 674 2885 contracto
694 2826 798 2902 frigore
818 2826 934 2902 pigrae;

164 2905 244 2962 Tum
264 2923 353 2964 sonus
375 2905 490 2968 auditur
509 2907 624 2981 gravior
643 2905 817 2981 tractimque
838 2917 995 2978 susurrant,

165 2982 299 3060 Frigidus
319 2995 352 3042 ut
372 2986 523 3059 quondam
545 2985 624 3044 silvis
644 2985 838 3044 inmurmurat
858 2988 973 3058 Auster,

165 3064 211 3121 Ut
230 3081 311 3120 mare
332 3063 488 3120 sollicitum
509 3063 604 3121 stridit
623 3063 813 3123 refluentibus
833 3064 928 3139 undis,

165 3143 288 3199 Aestuat
308 3152 341 3197 ut
362 3139 467 3197 clausis
487 3140 607 3214 rapidus
627 3143 793 3202 fornacibus
814 3143 889 3218 ignis
901 3165 949 3200 :-

166 3218 228 3275 Hic
248 3214 307 3274 iarn
327 3218 485 3291 galbaneos
506 3219 636 3278 suadebo
657 3221 814 3280 incendere
835 3224 942 3281 odores

167 3296 317 3370 Mellaque
338 3294 528 3354 harundineis
549 3295 654 3356 inferre
674 3300 834 3374 canalibus,
856 3302 932 3360 ultro
