2494 3702
112 51 168 126 158
191 48 226 106 P.
251 47 442 106 VERGILI
456 47 669 106 MARONIS
689 47 851 108 GEORG.
874 47 958 105 ΠΒ.
982 49 1040 106 IV.

112 193 169 250 ‘Et
190 189 302 267 nigram
324 187 468 248 mactabis
490 207 577 248 ovem
599 190 760 265 lucumque
780 188 909 248 revisens

113 272 279 329 ‘Placatam
302 268 468 346 Eurydicen
492 268 583 328 vitula
602 269 780 328 venerabere
802 272 905 328 caesa!

113 351 205 410 Haud
226 369 326 423 mora,
353 349 496 410 continuo
518 348 618 408 matris
640 359 799 425 praecepta
820 349 954 423 facessit,

111 431 160 491 Ad
181 431 304 490 delubra
325 429 414 500 venit,
436 439 615 489 monstratas
637 428 746 489 excitat
768 449 839 502 aras,

113 513 260 587 Quattuor
280 509 404 570 eximios
423 511 583 586 praestanti
607 528 729 586 corpore
750 521 849 569 tauros
1049 527 1116 587 550

112 590 204 650 Ducit
226 601 255 650 et
275 589 385 650 intacta
405 589 529 650 totidem
552 591 667 649 cervice
689 591 833 649 iuvencas.

114 673 193 742 Post,
215 669 267 731 ubi
287 689 368 731 nona
390 688 458 730 suos
480 673 595 730 Aurora
616 669 771 729 induxerat
793 681 881 743 ortus,

115 751 239 811 Inferias
261 749 373 827 Orphei
394 750 482 809 mittit
504 751 665 827 lucumque
686 749 792 810 revisit.

116 831 177 891 Hic
198 849 268 890 vero
289 830 418 890 subitum
441 849 476 889 ac
498 829 579 889 dictu
603 829 734 890 mirabile
756 841 920 890 monstrum

114 910 280 986 Aspiciunt‚
302 910 460 986 liquefacta
481 911 571 971 boum
594 929 648 986 per
669 911 781 970 viscera
802 921 866 970 toto
1050 927 1112 986 555

115 991 241 1051 Stridere
263 1009 333 1065 apes
354 1002 437 1050 utero
458 1000 488 1050 et
510 989 603 1066 ruptis
625 992 763 1050 effervere
783 989 873 1050 costis

115 1074 340 1146 Immensasque
361 1071 436 1130 trahi
458 1070 552 1130 nubes
575 1070 693 1145 iamque
715 1072 820 1129 arbore
841 1089 957 1130 summa

115 1151 272 1212 Confluere
294 1161 324 1210 et
346 1151 433 1210 lentis
455 1169 542 1210 uvam
564 1150 719 1209 demittere
741 1150 836 1210 ramis.

156 1233 242 1290 Haec
264 1249 353 1306 super
373 1249 508 1289 arvorum
530 1231 611 1289 cultu
635 1249 836 1306 pecorumque
857 1228 1000 1288 canebam

116 1313 154 1370 Et
177 1329 265 1387 super
285 1309 448 1382 arboribus,
471 1312 582 1371 Caesar
603 1311 675 1369 dum
698 1329 821 1386 magnus
843 1311 882 1369 ad
903 1310 994 1367 altum
1050 1313 1112 1386 560

116 1389 264 1450 Fulminat
288 1392 457 1466 Euphraten
480 1392 558 1450 bello
580 1389 733 1465 victorque
755 1392 888 1449 volentes

116 1473 173 1531 Per
193 1472 321 1546 populos
344 1471 396 1529 dat
416 1470 480 1529 iura
501 1470 639 1546 viamque
659 1471 789 1530 adfectat
814 1470 952 1546 Olympo

117 1552 175 1611 Illo
196 1549 360 1626 Vergilium
382 1569 431 1610 me
453 1560 586 1626 tempore
609 1549 704 1609 dulcis
726 1551 824 1609 aiebat

118 1631 313 1707 Parthenope,
336 1630 441 1690 studiis
462 1631 616 1691 florentem
638 1628 775 1705 ignobilis
796 1630 847 1701 oti,

118 1709 256 1772 Carmina
276 1709 327 1784 qui
347 1710 403 1770 lusi
423 1723 574 1786 pastorum
594 1710 750 1784 audaxque
770 1708 897 1782 iuventa,
964 1735 965 1739 ¹
1051 1713 1086 1788 56
1091 1728 1108 1787 5

98 1773 225 1870 [Tityre
247 1801 277 1851 te
297 1792 414 1868 patulae
435 1790 529 1849 cecini
550 1791 604 1850 sub
626 1789 755 1868 tegmine
776 1788 841 1868 fagi.
