2442 3686
155 118 214 172 402
408 102 445 160 P.
479 102 671 162 aarum]
691 103 904 163 MARONJS

156 223 294 286 Alternos
313 225 403 301 longa
421 223 566 286 nitentem
586 225 709 302 cuspide
730 245 853 303 gressus

157 305 261 376 Saevit,
284 315 314 365 et
333 305 455 364 infracta
476 309 601 364 luctatur
621 305 765 365 arundine
785 308 877 365 telum

157 384 285 460 Eripere,
306 384 473 460 auxilioque
494 385 580 456 viam,
602 403 678 461 quae
699 403 849 461 proxuma,
872 383 982 460 poscite

157 465 237 522 Ense
257 473 358 522 secent
378 465 439 523 lato
459 465 573 534 volnus,
595 464 707 540 telique
727 464 869 522 latebram

157 541 340 602 Rescindant
360 542 486 618 penitus,
508 561 632 619 seseque
653 542 684 601 in
704 542 783 602 bella
802 542 958 601 remittant.
1093 564 1148 621 390

158 621 281 696 lamque
301 621 402 680 aderat
423 623 547 682 Phoebo
567 634 636 681 ante
656 621 731 682 alios
752 621 876 680 dilectus
897 620 977 697 lapis

156 700 278 773 Iasides,
299 700 359 760 acri
380 702 531 777 quondam
553 700 601 760 cui
621 711 725 778 captus
745 720 846 760 amore

156 782 225 856 Ipse
246 799 313 839 suas
333 790 419 852 artes,
441 800 494 840 sua
514 799 644 854 munera,
666 783 761 840 laetus
782 781 890 857 Apollo

155 858 318 934 Augurium
339 858 540 936 citharamque
559 861 649 919 dabat
669 863 839 936 celeresque
859 859 985 936 sagittas

156 940 220 1010 Ille,
240 948 275 998 ut
295 938 421 1014 depositi
441 941 581 1016 proferret
601 941 661 998 fata
681 940 819 1015 parentis,
1092 959 1147 1018 395

155 1018 234 1077 Scire
255 1028 416 1094 potestates
436 1020 593 1078 herbarum
613 1038 760 1095 usumque
780 1017 920 1078 medendi

155 1096 264 1156 Maluit
284 1109 313 1158 et
333 1109 429 1158 mutas
449 1097 566 1189 agitare·
579 1097 720 1174 inglorius
740 1108 824 1158 artes

154 1179 256 1238 Stabat
276 1178 383 1237 acerba
401 1179 536 1267 fremens,
557 1176 708 1254 ingentem
727 1177 814 1237 nixus
833 1175 865 1236 in
884 1178 1001 1236 hastam

154 1259 280 1330 Aeneas,
300 1275 409 1333 magno
429 1256 567 1316 iuvenum
588 1269 618 1316 et
638 1258 795 1316 maerentis
816 1257 873 1315 Iuli
1195 1321 1196 1326 ἵ

155 1337 317 1410 Concursu,
338 1336 463 1396 lacrimis
490 1334 648 1394 inmobilis.
692 1337 747 1393 Ille
768 1343 877 1392 retorto
1090 1345 1146 1398 400
1195 1327 1196 1376 l

155 1415 317 1475 Paeonium
337 1415 367 1474 in
388 1435 500 1475 morem
522 1415 620 1475 senior
640 1416 807 1474 succinctus
827 1414 943 1484 amictu,
1195 1421 1196 1438 ¹

155 1496 252 1554 Multa
271 1514 360 1554 manu
380 1495 496 1554 medica
517 1495 691 1571 Phoebique
711 1494 882 1571 potentibus
902 1491 1000 1552 herbis

155 1574 342 1650 Nequiquam
364 1574 500 1651 trepidat,
521 1577 702 1651 nequiquam
724 1575 839 1651 spicula
858 1575 960 1632 dextra

154 1652 295 1714 Sollicitat
315 1666 490 1731 prensatque
510 1655 607 1714 tenaci
627 1655 737 1730 lorcipe
757 1655 872 1712 ferrum.
1195 1711 1196 1714 ,

154 1736 244 1792 Nulla
264 1733 341 1792 viarn
362 1736 492 1794 Fortuna
511 1735 585 1810 regit
590 1755 599 1807 5
618 1734 693 1792 nihil
712 1743 816 1792 auctor
835 1733 946 1807 Apollo
1089 1748 1144 1806 405

154 1813 309 1886 Subvenit3
330 1823 359 1872 et
379 1833 483 1872 saevus
504 1814 615 1890 campis
636 1812 729 1889 magis
749 1831 786 1870 ac
806 1811 898 1886 magis
919 1813 1023 1870 horror

154 1892 314 1965 Crebescit,
336 1893 515 1969 propiusque
534 1895 644 1952 malum
666 1904 717 1952 est
761 1894 826 1950 Iam
847 1893 966 1967 pulvere
987 1891 1102 1949 caelum

154 1975 235 2034 Stare
255 1972 364 2045 vident,
386 1974 572 2049 subeuntque
593 1972 716 2050 equites,
738 1983 768 2032 et
788 1969 902 2046 spicula
921 1969 1024 2028 castris

155 2055 257 2113 Densa
276 2053 387 2111 cadunt
406 2051 517 2111 mediis
561 2055 591 2111 It
611 2052 699 2112 tristis
719 2054 758 2110 ad
779 2051 896 2128 aether·
918 2051 1031 2108 clamor

154 2135 320 2192 Bellantum
340 2132 480 2191 iuvenum
502 2142 531 2191 et
552 2133 626 2190 duro
648 2133 703 2190 sub
725 2133 823 2190 Marte
843 2140 1011 2189 cadentum.
1088 2146 1145 2200 410

155 2213 216 2271 Hic
236 2215 346 2285 Venus,
368 2211 490 2288 indigno
511 2211 573 2270 nati
594 2229 739 2270 concussa
759 2211 870 2280 dolore,

155 2291 345 2351 Dictamnum
366 2291 496 2367 genetrix
516 2293 643 2352 Cretaea
664 2289 756 2366 carpit
776 2292 814 2349 ab
836 2289 900 2362 Ida,

155 2372 318 2432 Puberibus
339 2373 454 2430 caulem
474 2369 551 2430 foliis
572 2381 602 2430 et
617 2371 693 2430 flore
714 2379 882 2431 comantem

155 2453 318 2528 Purpureo,
338 2470 400 2510 non
421 2450 472 2508 illa
491 2450 559 2510 feris
580 2450 730 2526 incognita
751 2449 846 2525 capris

155 2532 303 2605 Gramina,
325 2549 391 2589 curn
414 2541 494 2606 tergo
515 2532 648 2589 volucres
669 2531 788 2588 haesere
809 2527 939 2604 sagittae.
1085 2541 1141 2600 415

156 2614 226 2672 Hoc
246 2613 357 2684 Venus,
380 2611 506 2670 obscuro
521 2609 632 2668 faciem
653 2608 833 2668 circumdata
852 2608 964 2676 nimbo

156 2691 283 2765 Detulit;
302 2692 360 2752 hoc
380 2691 476 2749 fusum
497 2689 585 2748 labris
606 2687 828 2765 splendentibus
847 2684 964 2744 ainnem

156 2771 262 2844 Inficit,
284 2771 399 2830 occulte
419 2769 577 2841 medicans
601 2767 768 2843 spargitque
789 2767 919 2825 salubres

154 2850 327 2909 Ambrosiae
348 2865 435 2908 sucos
455 2858 485 2908 et
504 2847 680 2907 odoriferam
701 2863 870 2934 panaceam
925 2909 928 2916 ‚

94 2985 96 2989 ,
156 2928 241 2987 Fovit
262 2948 297 2988 ea
317 2929 422 2986 volnus
442 2927 562 3002 lympha
582 2927 741 3000 longaevus
763 2923 843 2999 Iapis
1084 2937 1142 2990 420

156 3008 305 3076 Ignorans,
329 3005 485 3076 subitoque
506 3004 602 3062 omnis
623 3006 661 3061 de
681 3020 803 3076 corpore
824 2998 896 3075 fugit
969 3044 978 3063 .

155 3079 272 3150 Quippe
293 3081 385 3146 dolor,
408 3079 503 3135 omnis
523 3080 603 3137 stetit
624 3081 684 3136 imo
705 3082 824 3137 volnere
845 3075 970 3165 sanguis

155 3156 278 3220 Iamque
299 3162 398 3207 secuta
418 3172 545 3223 manum,
568 3158 650 3212 nullo
659 3164 803 3242 cogente,
825 3155 930 3228 sagitta

155 3224 279 3290 Excidit,
301 3234 390 3295 atque
410 3245 504 3284 novae
524 3231 665 3288 rediere
657 3250 688 3287 1n
708 3231 830 3304 pristina
849 3232 932 3289 vires.

155 3303 262 3356 ‘Anna
281 3297 331 3352 citi
351 3312 503 3368 properate
523 3305 598 3362 viro!
619 3307 692 3379 quid
712 3308 831 3366 statis?
852 3307 935 3382 Iapis
1084 3325 1140 3386 425

592 3523 598 3558 l
