2462 3678
142 67 198 126 34²
395 50 431 108 e.
463 45 652 106 Vererer
666 45 880 104 Maenius

143 176 274 238 Detorsit
294 176 424 245 veniens,
446 186 609 252 portaeque
630 173 759 250 infigitur
778 176 871 234 hasta.

134 263 202 318 .‘At
223 277 284 318 non
304 257 363 316 hoc
384 259 483 328 telum,
506 274 574 314 mea
593 257 676 331 quod
696 255 725 314 vi
746 257 867 314 dextera
886 265 1000 328 versat,

142 337 304 415 ‘Effugies3
329 356 427 412 neque
448 335 528 395 enim
548 333 574 394 is
595 335 645 394 teli
666 354 722 394 nee
742 335 870 394 volneris
892 337 1025 396 auctor.’

141 419 189 479 Sic
209 419 251 478 ait
272 428 301 477 et
321 418 467 476 sublatum
489 417 549 475 alte
569 415 718 492 consurgit
738 415 769 474 in
791 435 893 474 ensem

144 501 183 557 Et
202 496 331 558 mediam
352 498 428 556 ferro
448 495 566 572 gemina
587 495 662 554 inter
683 507 817 572 tempora
838 497 969 557 frontem
1096 509 1152 572 750

144 577 257 637 Dividit
277 577 462 653 inpubesque
483 575 606 635 immani
626 577 747 635 volnere
767 577 868 634 malas.

144 658 192 717 Fit
213 676 312 729 sonus,
334 655 446 733 ingenti
467 675 612 715 concussa
632 667 677 716 est
696 657 829 732 pondere
850 657 955 714 tellus:

144 738 311 813 Conlapsos
331 747 410 796 artus
431 747 521 811 atque
541 755 622 794 arma
643 746 765 794 cruenta
786 737 907 795 cerebro

144 816 253 878 Sternit
272 815 357 875 humi
377 814 515 888 moriem,
537 827 626 892 atque
648 815 689 873 illi
710 815 840 891 partibus
861 816 968 890 aequis

146 899 217 957 Huc
238 907 327 974 caput
348 907 435 972 atque
456 897 526 955 illuc
546 915 648 955 umero
669 915 706 954 ex
726 907 852 970 utroque
872 895 1035 971 pependit.
1094 914 1147 972 755

146 977 311 1054 Diffugiunt
332 975 406 1035 versi
427 975 542 1052 trepida
562 975 720 1035 formidine
740 979 853 1035 Troes:

146 1060 185 1116 Et
205 1057 230 1116 si
250 1055 393 1116 continuo
413 1055 554 1114 victorem
576 1075 611 1114 ea
632 1076 701 1114 cura
722 1055 856 1128 subisset,

146 1139 297 1213 Rumpere
318 1138 442 1194 claustra
462 1154 552 1194 manu
573 1135 729 1211 sociosque
749 1135 897 1194 inmittere
916 1135 1023 1211 portis,
1212 1139 1213 1223 l

146 1217 278 1278 Ultimus
299 1216 348 1274 ille
370 1215 433 1275 dies
453 1217 533 1275 bello
553 1215 693 1292 gentique
714 1214 832 1290 suisset,

146 1298 205 1356 Sed
225 1298 302 1355 furor
322 1297 476 1354 ardentem
497 1295 655 1372 caedisque
676 1295 780 1354 insana
800 1295 911 1372 cupido
1090 1299 1144 1370 760

148 1375 215 1452 Egit
236 1375 266 1434 in
286 1376 432 1434 adversos.

148 1456 296 1531 Principio
318 1453 464 1514 Phalerim
484 1465 514 1514 et
535 1454 650 1514 succiso
671 1453 783 1532 poplite
804 1457 909 1532 Gygen

148 1535 279 1612 Excipit,
307 1534 377 1593 hinc
396 1545 494 1610 raptas
515 1534 694 1611 fugientibus
714 1535 820 1612 ingerit
839 1538 939 1595 hastas

150 1619 185 1675 In
206 1627 334 1692 tergum,
363 1617 440 1674 Iuno
460 1613 535 1673 vires
556 1616 747 1691 animumque
768 1615 925 1691 ministrat,

148 1695 240 1755 Addit
262 1695 373 1770 Halym
393 1694 533 1753 comitem
554 1705 583 1754 et
604 1695 720 1754 confixa
741 1698 858 1772 Phegea
878 1715 990 1773 parma,
1087 1701 1141 1775 765

149 1779 271 1851 Ignaros
291 1773 400 1834 deinde
419 1773 451 1832 in
471 1773 562 1832 muris
584 1777 771 1851 Martemque
792 1775 903 1836 cientes
953 1817 956 1822 -

148 1856 387 1929 Alcandrumque
410 1853 593 1929 Haliumque
615 1857 831 1932 Noemonaque
853 1855 1076 1934 Prytanimque.

148 1939 267 2012 Lyncea
287 1935 459 1994 tendentem
480 1947 583 1993 contra
604 1934 761 2012 sociosque
781 1947 938 1996 vocantem

148 2013 284 2074 Vibranti
304 2014 404 2091 gladio
425 2013 547 2072 conixus
569 2015 607 2074 ab
627 2034 732 2091 aggere
753 2016 855 2075 dexter

149 2096 298 2170 Occupat3
328 2093 397 2155 huic
416 2113 477 2152 uno
498 2095 650 2154 desectum
672 2095 838 2155 comminus
859 2094 919 2155 ictu
1087 2116 1140 2172 770

149 2177 227 2234 Cum
247 2175 331 2251 galea
350 2175 437 2250 longe
457 2173 547 2233 iacuit
568 2187 671 2251 caput3
698 2175 768 2235 inde
788 2177 913 2235 serarum
1212 2199 1213 2256 y

147 2258 333 2313 Vastatorem
354 2257 509 2331 Amycum,
531 2274 591 2330 quo
612 2274 674 2314 non
694 2255 806 2316 felicior
825 2258 899 2316 alter

149 2337 268 2411 Ungere
289 2334 348 2392 tela
367 2353 457 2392 manu
477 2335 644 2410 ferrumque
664 2355 775 2394 armare
796 2355 920 2409 veneno,

150 2418 188 2474 Et
209 2412 338 2490 Clytium
360 2413 505 2473 Aeoliden
527 2426 556 2473 et
576 2414 705 2474 amicum
726 2417 854 2476 Crethea
875 2414 979 2491 Musis,

150 2495 277 2555 Crethea
298 2495 451 2552 Musarum
471 2493 619 2568 comitem,
642 2495 690 2553 cui
711 2496 841 2555 earmina
861 2516 977 2576 semper
1083 2518 1134 2578 775

150 2577 189 2634 Et
209 2573 337 2634 citharae
358 2572 440 2631 cordi
460 2591 658 2650 numerosque
678 2573 832 2636 intendere
852 2579 961 2639 nervis:

149 2658 270 2732 Semper
291 2671 384 2728 equos
404 2663 493 2728 atque
513 2672 593 2712 arma
613 2653 706 2712 virum
728 2675 901 2733 pugnasque
922 2660 1056 2720 canebat

188 2735 325 2795 Tandem
346 2733 482 2792 ductores
502 2732 603 2792 audita
623 2735 715 2793 caede
735 2754 855 2796 suorum

150 2814 339 2875 Conveniunt
359 2812 475 2884 Teucri,
498 2813 671 2872 Mnestheus
692 2833 818 2891 acerque
838 2819 979 2893 Serestus,

149 2897 343 2969 Palantesque
363 2892 465 2952 vident
485 2891 583 2952 socios
602 2894 777 2970 hostemque
797 2908 954 2972 receptum.
1078 2903 1129 2976 780

150 2977 189 3034 Et
210 2974 385 3033 Mnestheus
409 2974 494 3046 ‘Quo
516 2971 624 3032 deinde
645 2975 751 3050 sugam,
773 2993 834 3050 quo
855 2977 1004 3037 tenditis?'
1031 2979 1126 3058 inquit.

151 3055 251 3128 ‘Quos
272 3051 345 3112 alios
365 3072 474 3124 muros,
496 3071 571 3128 qnae
591 3052 649 3111 iarn
670 3053 745 3112 ultra
764 3055 883 3115 moenia
902 3057 1040 3118 habetis?

151 3137 254 3194 ‘Unus
275 3133 366 3190 homo
386 3141 415 3190 et
435 3131 544 3204 vestris,
567 3151 586 3190 o
606 3131 693 3203 cives,
714 3133 845 3210 undique
865 3148 984 3214 saeptus

152 3212 330 3286 ‘Aggeribus
351 3221 446 3267 tantas
467 3221 575 3284 strages
596 3211 708 3286 inpune
728 3231 781 3287 per
801 3216 905 3274 urbem

152 3288 319 3348 ‘Euidentr
345 3285 483 3344 iuvenum
503 3288 612 3361 primos
633 3299 677 3347 tot
697 3291 808 3352 miserit
829 3293 926 3354 Orco?
1075 3302 1120 3379 785
