<?xml version="1.0" encoding="UTF-8"?>
<!DOCTYPE html PUBLIC "-//W3C//DTD XHTML 1.0 Transitional//EN"
    "http://www.w3.org/TR/xhtml1/DTD/xhtml1-transitional.dtd">
<html xmlns="http://www.w3.org/1999/xhtml" xml:lang="en" lang="en">
 <head>
  <title>
</title>
<meta http-equiv="Content-Type" content="text/html;charset=utf-8" />
  <meta name='ocr-system' content='tesseract 3.04.00' />
  <meta name='ocr-capabilities' content='ocr_page ocr_carea ocr_par ocr_line ocrx_word'/>
</head>
<body>
  <div class='ocr_page' id='page_1' title='image "./pvergilimaronis13virggoog/pvergilimaronis13virggoog_0103.png"; bbox 0 0 2494 3702; ppageno 0'>
   <div class='ocr_carea' id='block_1_1' title="bbox 131 77 878 144">
    <p class='ocr_par' dir='ltr' id='par_1_1' title="bbox 131 77 878 144">
     <span class='ocr_line' id='line_1_1' title="bbox 131 77 878 144; baseline -0.003 -4"><span class='ocrx_word' id='word_1_1' title='bbox 131 89 169 144; x_wconf 90' lang='lat'>94</span> <span class='ocrx_word' id='word_1_2' title='bbox 382 79 417 134; x_wconf 84' lang='lat' dir='ltr'>P.</span> <span class='ocrx_word' id='word_1_3' title='bbox 456 77 646 136; x_wconf 87' lang='lat' dir='ltr'>VERGJLI</span> <span class='ocrx_word' id='word_1_4' title='bbox 667 78 878 138; x_wconf 86' lang='lat' dir='ltr'><em>MARONIS</em></span> 
     </span>
    </p>
   </div>
   <div class='ocr_carea' id='block_1_2' title="bbox 92 227 1132 3416">
    <p class='ocr_par' dir='ltr' id='par_1_2' title="bbox 130 227 993 542">
     <span class='ocr_line' id='line_1_2' title="bbox 130 227 979 307; baseline -0.001 -19"><span class='ocrx_word' id='word_1_5' title='bbox 130 228 213 307; x_wconf 86' lang='lat' dir='ltr'>(Dux</span> <span class='ocrx_word' id='word_1_6' title='bbox 233 247 289 306; x_wconf 86' lang='lat' dir='ltr'>ego</span> <span class='ocrx_word' id='word_1_7' title='bbox 308 238 404 287; x_wconf 88' lang='lat' dir='ltr'>vester</span> <span class='ocrx_word' id='word_1_8' title='bbox 425 227 518 304; x_wconf 89' lang='lat' dir='ltr'>eram)</span> <span class='ocrx_word' id='word_1_9' title='bbox 539 227 600 287; x_wconf 93' lang='lat' dir='ltr'>vidi</span> <span class='ocrx_word' id='word_1_10' title='bbox 620 247 689 286; x_wconf 90' lang='lat' dir='ltr'>cum</span> <span class='ocrx_word' id='word_1_11' title='bbox 710 240 803 288; x_wconf 91' lang='lat' dir='ltr'>matre</span> <span class='ocrx_word' id='word_1_12' title='bbox 823 231 979 306; x_wconf 89' lang='lat' dir='ltr'>legentem.</span> 
     </span>
     <span class='ocr_line' id='line_1_3' title="bbox 130 307 993 384; baseline 0 -16"><span class='ocrx_word' id='word_1_13' title='bbox 130 311 212 369; x_wconf 88' lang='lat' dir='ltr'>Alter</span> <span class='ocrx_word' id='word_1_14' title='bbox 232 313 270 368; x_wconf 87' lang='lat' dir='ltr'>ab</span> <span class='ocrx_word' id='word_1_15' title='bbox 290 307 451 367; x_wconf 88' lang='lat' dir='ltr'>undecimo</span> <span class='ocrx_word' id='word_1_16' title='bbox 472 319 535 366; x_wconf 91' lang='lat' dir='ltr'>tum</span> <span class='ocrx_word' id='word_1_17' title='bbox 556 326 604 366; x_wconf 92' lang='lat' dir='ltr'>me</span> <span class='ocrx_word' id='word_1_18' title='bbox 625 307 682 365; x_wconf 92' lang='lat' dir='ltr'>iam</span> <span class='ocrx_word' id='word_1_19' title='bbox 704 319 858 384; x_wconf 89' lang='lat' dir='ltr'>acceperat</span> <span class='ocrx_word' id='word_1_20' title='bbox 879 328 974 368; x_wconf 87' lang='lat' dir='ltr'>annus</span> <span class='ocrx_word' id='word_1_21' title='bbox 985 328 993 382; x_wconf 90' lang='lat'>;</span> 
     </span>
     <span class='ocr_line' id='line_1_4' title="bbox 131 387 962 465; baseline 0.002 -17"><span class='ocrx_word' id='word_1_22' title='bbox 131 392 197 448; x_wconf 89' lang='lat' dir='ltr'>Iam</span> <span class='ocrx_word' id='word_1_23' title='bbox 217 389 331 465; x_wconf 81' lang='lat' dir='ltr'>fragiles</span> <span class='ocrx_word' id='word_1_24' title='bbox 352 397 487 462; x_wconf 86' lang='lat' dir='ltr'>poteram</span> <span class='ocrx_word' id='word_1_25' title='bbox 508 389 547 446; x_wconf 92' lang='lat' dir='ltr'>ab</span> <span class='ocrx_word' id='word_1_26' title='bbox 568 396 644 445; x_wconf 91' lang='lat' dir='ltr'>terra</span> <span class='ocrx_word' id='word_1_27' title='bbox 663 387 835 463; x_wconf 87' lang='lat' dir='ltr'>contingere</span> <span class='ocrx_word' id='word_1_28' title='bbox 855 407 962 450; x_wconf 90' lang='lat' dir='ltr'>ramos.</span> 
     </span>
     <span class='ocr_line' id='line_1_5' title="bbox 130 465 916 542; baseline -0.001 -13"><span class='ocrx_word' id='word_1_29' title='bbox 130 471 174 529; x_wconf 93' lang='lat' dir='ltr'>Ut</span> <span class='ocrx_word' id='word_1_30' title='bbox 194 466 264 540; x_wconf 88' lang='lat' dir='ltr'>vidi,</span> <span class='ocrx_word' id='word_1_31' title='bbox 285 477 318 526; x_wconf 92' lang='lat' dir='ltr'>ut</span> <span class='ocrx_word' id='word_1_32' title='bbox 338 465 418 542; x_wconf 88' lang='lat' dir='ltr'>perii,</span> <span class='ocrx_word' id='word_1_33' title='bbox 440 477 474 526; x_wconf 93' lang='lat' dir='ltr'>ut</span> <span class='ocrx_word' id='word_1_34' title='bbox 493 486 542 526; x_wconf 89' lang='lat' dir='ltr'>me</span> <span class='ocrx_word' id='word_1_35' title='bbox 562 469 656 526; x_wconf 90' lang='lat' dir='ltr'>malus</span> <span class='ocrx_word' id='word_1_36' title='bbox 677 468 800 527; x_wconf 91' lang='lat' dir='ltr'>abstulit</span> <span class='ocrx_word' id='word_1_37' title='bbox 821 473 916 528; x_wconf 85' lang='lat' dir='ltr'>errorl</span> 
     </span>
    </p>

    <p class='ocr_par' dir='ltr' id='par_1_3' title="bbox 131 546 1008 864">
     <span class='ocr_line' id='line_1_6' title="bbox 169 546 926 624; baseline 0 -17"><span class='ocrx_word' id='word_1_38' title='bbox 169 547 274 624; x_wconf 87' lang='lat' dir='ltr'>Incipe</span> <span class='ocrx_word' id='word_1_39' title='bbox 294 546 461 606; x_wconf 87' lang='lat' dir='ltr'>Maenalios</span> <span class='ocrx_word' id='word_1_40' title='bbox 480 565 607 618; x_wconf 91' lang='lat' dir='ltr'>mecum,</span> <span class='ocrx_word' id='word_1_41' title='bbox 630 565 697 606; x_wconf 89' lang='lat' dir='ltr'>mea</span> <span class='ocrx_word' id='word_1_42' title='bbox 715 547 797 618; x_wconf 86' lang='lat' dir='ltr'>tibia,</span> <span class='ocrx_word' id='word_1_43' title='bbox 818 567 926 608; x_wconf 89' lang='lat' dir='ltr'>versus.</span> 
     </span>
     <span class='ocr_line' id='line_1_7' title="bbox 132 626 1007 703; baseline -0.001 -16"><span class='ocrx_word' id='word_1_44' title='bbox 132 631 219 688; x_wconf 88' lang='lat' dir='ltr'>Nunc</span> <span class='ocrx_word' id='word_1_45' title='bbox 240 627 310 700; x_wconf 92' lang='lat' dir='ltr'>scio,</span> <span class='ocrx_word' id='word_1_46' title='bbox 332 627 406 703; x_wconf 92' lang='lat' dir='ltr'>quid</span> <span class='ocrx_word' id='word_1_47' title='bbox 426 627 463 685; x_wconf 88' lang='lat' dir='ltr'>sit</span> <span class='ocrx_word' id='word_1_48' title='bbox 484 629 583 685; x_wconf 88' lang='lat' dir='ltr'>Amor.</span> <span class='ocrx_word' id='word_1_49' title='bbox 627 626 716 686; x_wconf 89' lang='lat' dir='ltr'>Duris</span> <span class='ocrx_word' id='word_1_50' title='bbox 738 627 768 685; x_wconf 91' lang='lat' dir='ltr'>in</span> <span class='ocrx_word' id='word_1_51' title='bbox 788 627 905 696; x_wconf 82' lang='lat' dir='ltr'>cotibus</span> <span class='ocrx_word' id='word_1_52' title='bbox 924 626 1007 686; x_wconf 89' lang='lat' dir='ltr'>illurn</span> 
     </span>
     <span class='ocr_line' id='line_1_8' title="bbox 131 708 1008 782; baseline 0 -16"><span class='ocrx_word' id='word_1_53' title='bbox 131 712 193 766; x_wconf 90' lang='lat' dir='ltr'>Aut</span> <span class='ocrx_word' id='word_1_54' title='bbox 212 710 338 766; x_wconf 81' lang='lat' dir='ltr'><strong>Tmaros</strong></span> <span class='ocrx_word' id='word_1_55' title='bbox 358 717 409 765; x_wconf 89' lang='lat' dir='ltr'>aut</span> <span class='ocrx_word' id='word_1_56' title='bbox 430 708 581 782; x_wconf 90' lang='lat' dir='ltr'>Rhodope</span> <span class='ocrx_word' id='word_1_57' title='bbox 602 718 653 765; x_wconf 89' lang='lat' dir='ltr'>aut</span> <span class='ocrx_word' id='word_1_58' title='bbox 672 708 794 766; x_wconf 87' lang='lat' dir='ltr'>extremi</span> <span class='ocrx_word' id='word_1_59' title='bbox 816 708 1008 767; x_wconf 84' lang='lat' dir='ltr'>Garamantes</span> 
     </span>
     <span class='ocr_line' id='line_1_9' title="bbox 132 785 957 864; baseline 0.001 -18"><span class='ocrx_word' id='word_1_60' title='bbox 132 789 197 847; x_wconf 91' lang='lat' dir='ltr'>Nec</span> <span class='ocrx_word' id='word_1_61' title='bbox 216 785 330 864; x_wconf 87' lang='lat' dir='ltr'>generis</span> <span class='ocrx_word' id='word_1_62' title='bbox 351 786 443 846; x_wconf 81' lang='lat' dir='ltr'>nostri</span> <span class='ocrx_word' id='word_1_63' title='bbox 463 805 587 862; x_wconf 91' lang='lat' dir='ltr'>puerum</span> <span class='ocrx_word' id='word_1_64' title='bbox 608 805 665 846; x_wconf 92' lang='lat' dir='ltr'>nec</span> <span class='ocrx_word' id='word_1_65' title='bbox 685 787 836 862; x_wconf 85' lang='lat' dir='ltr'>sanguinis</span> <span class='ocrx_word' id='word_1_66' title='bbox 857 789 957 847; x_wconf 89' lang='lat' dir='ltr'>edunt.</span> 
     </span>
    </p>

    <p class='ocr_par' dir='ltr' id='par_1_4' title="bbox 172 866 927 944">
     <span class='ocr_line' id='line_1_10' title="bbox 172 866 927 944; baseline -0.003 -18"><span class='ocrx_word' id='word_1_67' title='bbox 172 869 276 944; x_wconf 89' lang='lat' dir='ltr'>Incipe</span> <span class='ocrx_word' id='word_1_68' title='bbox 298 866 464 926; x_wconf 88' lang='lat' dir='ltr'>Maenalios</span> <span class='ocrx_word' id='word_1_69' title='bbox 485 885 610 938; x_wconf 88' lang='lat' dir='ltr'>mecum,</span> <span class='ocrx_word' id='word_1_70' title='bbox 630 885 698 925; x_wconf 89' lang='lat' dir='ltr'>mea</span> <span class='ocrx_word' id='word_1_71' title='bbox 719 866 799 940; x_wconf 91' lang='lat' dir='ltr'>tibia,</span> <span class='ocrx_word' id='word_1_72' title='bbox 820 886 927 927; x_wconf 90' lang='lat' dir='ltr'>versus.</span> 
     </span>
    </p>

    <p class='ocr_par' dir='ltr' id='par_1_5' title="bbox 132 946 980 1264">
     <span class='ocr_line' id='line_1_11' title="bbox 133 946 940 1023; baseline -0.005 -15"><span class='ocrx_word' id='word_1_73' title='bbox 133 949 242 1008; x_wconf 90' lang='lat' dir='ltr'>Saevus</span> <span class='ocrx_word' id='word_1_74' title='bbox 264 951 355 1006; x_wconf 90' lang='lat' dir='ltr'>Amor</span> <span class='ocrx_word' id='word_1_75' title='bbox 375 946 477 1006; x_wconf 91' lang='lat' dir='ltr'>docuit</span> <span class='ocrx_word' id='word_1_76' title='bbox 497 957 634 1005; x_wconf 89' lang='lat' dir='ltr'>natomm</span> <span class='ocrx_word' id='word_1_77' title='bbox 655 947 797 1023; x_wconf 89' lang='lat' dir='ltr'>sanguine</span> <span class='ocrx_word' id='word_1_78' title='bbox 818 956 940 1006; x_wconf 90' lang='lat' dir='ltr'>matrem</span> 
     </span>
     <span class='ocr_line' id='line_1_12' title="bbox 133 1026 980 1103; baseline -0.005 -15"><span class='ocrx_word' id='word_1_79' title='bbox 133 1028 356 1089; x_wconf 84' lang='lat' dir='ltr'>Commaculare</span> <span class='ocrx_word' id='word_1_80' title='bbox 376 1045 481 1085; x_wconf 91' lang='lat' dir='ltr'>manus</span> <span class='ocrx_word' id='word_1_81' title='bbox 492 1045 501 1097; x_wconf 91' lang='lat'>;</span> <span class='ocrx_word' id='word_1_82' title='bbox 528 1026 653 1085; x_wconf 88' lang='lat' dir='ltr'>crudelis</span> <span class='ocrx_word' id='word_1_83' title='bbox 674 1039 706 1086; x_wconf 89' lang='lat' dir='ltr'>tu</span> <span class='ocrx_word' id='word_1_84' title='bbox 727 1045 856 1103; x_wconf 89' lang='lat' dir='ltr'>quoque,</span> <span class='ocrx_word' id='word_1_85' title='bbox 878 1037 980 1099; x_wconf 86' lang='lat' dir='ltr'>mater,</span> 
     </span>
     <span class='ocr_line' id='line_1_13' title="bbox 132 1105 899 1183; baseline -0.007 -14"><span class='ocrx_word' id='word_1_86' title='bbox 132 1107 266 1170; x_wconf 87' lang='lat' dir='ltr'>Crudelis</span> <span class='ocrx_word' id='word_1_87' title='bbox 287 1117 388 1178; x_wconf 89' lang='lat' dir='ltr'>mater,</span> <span class='ocrx_word' id='word_1_88' title='bbox 410 1106 503 1182; x_wconf 89' lang='lat' dir='ltr'>magis</span> <span class='ocrx_word' id='word_1_89' title='bbox 525 1117 555 1165; x_wconf 91' lang='lat' dir='ltr'>at</span> <span class='ocrx_word' id='word_1_90' title='bbox 576 1125 650 1182; x_wconf 92' lang='lat' dir='ltr'>puer</span> <span class='ocrx_word' id='word_1_91' title='bbox 669 1105 821 1183; x_wconf 92' lang='lat' dir='ltr'>improbus</span> <span class='ocrx_word' id='word_1_92' title='bbox 842 1106 899 1166; x_wconf 92' lang='lat' dir='ltr'>ille.</span> 
     </span>
     <span class='ocr_line' id='line_1_14' title="bbox 133 1186 947 1264; baseline 0 -18"><span class='ocrx_word' id='word_1_93' title='bbox 133 1189 289 1264; x_wconf 90' lang='lat' dir='ltr'>Improbus</span> <span class='ocrx_word' id='word_1_94' title='bbox 310 1187 359 1245; x_wconf 93' lang='lat' dir='ltr'>ille</span> <span class='ocrx_word' id='word_1_95' title='bbox 380 1205 471 1263; x_wconf 78' lang='lat' dir='ltr'>puer3</span> <span class='ocrx_word' id='word_1_96' title='bbox 498 1186 625 1246; x_wconf 88' lang='lat' dir='ltr'>cmdelis</span> <span class='ocrx_word' id='word_1_97' title='bbox 644 1197 675 1246; x_wconf 90' lang='lat' dir='ltr'>tu</span> <span class='ocrx_word' id='word_1_98' title='bbox 697 1205 825 1262; x_wconf 90' lang='lat' dir='ltr'>quoque,</span> <span class='ocrx_word' id='word_1_99' title='bbox 847 1198 947 1246; x_wconf 89' lang='lat' dir='ltr'>mater.</span> 
     </span>
    </p>

    <p class='ocr_par' dir='ltr' id='par_1_6' title="bbox 133 1265 927 1744">
     <span class='ocr_line' id='line_1_15' title="bbox 173 1265 927 1344; baseline 0 -18"><span class='ocrx_word' id='word_1_100' title='bbox 173 1268 276 1344; x_wconf 91' lang='lat' dir='ltr'>Incipe</span> <span class='ocrx_word' id='word_1_101' title='bbox 297 1266 462 1326; x_wconf 89' lang='lat' dir='ltr'>Maenalios</span> <span class='ocrx_word' id='word_1_102' title='bbox 484 1285 609 1336; x_wconf 89' lang='lat' dir='ltr'>mecum,</span> <span class='ocrx_word' id='word_1_103' title='bbox 631 1286 698 1326; x_wconf 90' lang='lat' dir='ltr'>mea</span> <span class='ocrx_word' id='word_1_104' title='bbox 718 1265 799 1339; x_wconf 90' lang='lat' dir='ltr'>tibia,</span> <span class='ocrx_word' id='word_1_105' title='bbox 820 1285 927 1326; x_wconf 89' lang='lat' dir='ltr'>versus.</span> 
     </span>
     <span class='ocr_line' id='line_1_16' title="bbox 133 1347 909 1423; baseline -0.001 -17"><span class='ocrx_word' id='word_1_106' title='bbox 133 1350 223 1407; x_wconf 90' lang='lat' dir='ltr'>Nunc</span> <span class='ocrx_word' id='word_1_107' title='bbox 243 1358 273 1407; x_wconf 94' lang='lat' dir='ltr'>et</span> <span class='ocrx_word' id='word_1_108' title='bbox 293 1365 364 1406; x_wconf 92' lang='lat' dir='ltr'>oves</span> <span class='ocrx_word' id='word_1_109' title='bbox 383 1347 460 1406; x_wconf 93' lang='lat' dir='ltr'>ultro</span> <span class='ocrx_word' id='word_1_110' title='bbox 480 1347 572 1423; x_wconf 87' lang='lat' dir='ltr'>fugiat</span> <span class='ocrx_word' id='word_1_111' title='bbox 592 1349 688 1422; x_wconf 87' lang='lat' dir='ltr'>lupus,</span> <span class='ocrx_word' id='word_1_112' title='bbox 711 1366 799 1406; x_wconf 88' lang='lat' dir='ltr'>aurea</span> <span class='ocrx_word' id='word_1_113' title='bbox 819 1348 909 1406; x_wconf 91' lang='lat' dir='ltr'>durae</span> 
     </span>
     <span class='ocr_line' id='line_1_17' title="bbox 134 1428 872 1502; baseline 0 -16"><span class='ocrx_word' id='word_1_114' title='bbox 134 1429 216 1486; x_wconf 88' lang='lat' dir='ltr'>Mala</span> <span class='ocrx_word' id='word_1_115' title='bbox 235 1429 329 1486; x_wconf 86' lang='lat' dir='ltr'>ferant</span> <span class='ocrx_word' id='word_1_116' title='bbox 350 1445 484 1502; x_wconf 90' lang='lat' dir='ltr'>quercus,</span> <span class='ocrx_word' id='word_1_117' title='bbox 506 1428 636 1486; x_wconf 87' lang='lat' dir='ltr'>narcisso</span> <span class='ocrx_word' id='word_1_118' title='bbox 657 1428 759 1486; x_wconf 89' lang='lat' dir='ltr'>floreat</span> <span class='ocrx_word' id='word_1_119' title='bbox 779 1429 872 1499; x_wconf 88' lang='lat' dir='ltr'>alnus,</span> 
     </span>
     <span class='ocr_line' id='line_1_18' title="bbox 134 1506 848 1584; baseline -0.001 -18"><span class='ocrx_word' id='word_1_120' title='bbox 134 1507 257 1584; x_wconf 88' lang='lat' dir='ltr'>Pinguia</span> <span class='ocrx_word' id='word_1_121' title='bbox 276 1507 433 1566; x_wconf 89' lang='lat' dir='ltr'>corticibus</span> <span class='ocrx_word' id='word_1_122' title='bbox 454 1509 562 1566; x_wconf 89' lang='lat' dir='ltr'>sudent</span> <span class='ocrx_word' id='word_1_123' title='bbox 584 1509 691 1566; x_wconf 88' lang='lat' dir='ltr'>electra</span> <span class='ocrx_word' id='word_1_124' title='bbox 712 1506 848 1583; x_wconf 85' lang='lat' dir='ltr'>myricae,</span> 
     </span>
     <span class='ocr_line' id='line_1_19' title="bbox 134 1587 920 1664; baseline -0.004 -16"><span class='ocrx_word' id='word_1_125' title='bbox 134 1589 255 1648; x_wconf 89' lang='lat' dir='ltr'>Certent</span> <span class='ocrx_word' id='word_1_126' title='bbox 276 1597 306 1646; x_wconf 92' lang='lat' dir='ltr'>et</span> <span class='ocrx_word' id='word_1_127' title='bbox 326 1587 427 1664; x_wconf 89' lang='lat' dir='ltr'>cycnis</span> <span class='ocrx_word' id='word_1_128' title='bbox 447 1588 553 1663; x_wconf 87' lang='lat' dir='ltr'>ululae,</span> <span class='ocrx_word' id='word_1_129' title='bbox 577 1587 614 1646; x_wconf 91' lang='lat' dir='ltr'>sit</span> <span class='ocrx_word' id='word_1_130' title='bbox 635 1587 752 1664; x_wconf 88' lang='lat' dir='ltr'>Tityrus</span> <span class='ocrx_word' id='word_1_131' title='bbox 774 1589 920 1663; x_wconf 90' lang='lat' dir='ltr'>Orpheus,</span> 
     </span>
     <span class='ocr_line' id='line_1_20' title="bbox 134 1665 830 1744; baseline -0.004 -15"><span class='ocrx_word' id='word_1_132' title='bbox 134 1668 272 1744; x_wconf 90' lang='lat' dir='ltr'>Orpheus</span> <span class='ocrx_word' id='word_1_133' title='bbox 293 1667 324 1725; x_wconf 92' lang='lat' dir='ltr'>in</span> <span class='ocrx_word' id='word_1_134' title='bbox 345 1666 433 1739; x_wconf 84' lang='lat' dir='ltr'>silvis,</span> <span class='ocrx_word' id='word_1_135' title='bbox 455 1667 532 1727; x_wconf 91' lang='lat' dir='ltr'>inter</span> <span class='ocrx_word' id='word_1_136' title='bbox 552 1665 708 1744; x_wconf 87' lang='lat' dir='ltr'>delphinas</span> <span class='ocrx_word' id='word_1_137' title='bbox 729 1667 830 1726; x_wconf 89' lang='lat' dir='ltr'>Arion.</span> 
     </span>
    </p>

    <p class='ocr_par' dir='ltr' id='par_1_7' title="bbox 133 1746 984 2062">
     <span class='ocr_line' id='line_1_21' title="bbox 173 1746 926 1824; baseline -0.003 -17"><span class='ocrx_word' id='word_1_138' title='bbox 173 1747 278 1824; x_wconf 83' lang='lat' dir='ltr'>Incipe</span> <span class='ocrx_word' id='word_1_139' title='bbox 299 1749 465 1807; x_wconf 88' lang='lat' dir='ltr'>Maenalios</span> <span class='ocrx_word' id='word_1_140' title='bbox 485 1767 613 1820; x_wconf 89' lang='lat' dir='ltr'>mecum,</span> <span class='ocrx_word' id='word_1_141' title='bbox 632 1766 700 1806; x_wconf 91' lang='lat' dir='ltr'>mea</span> <span class='ocrx_word' id='word_1_142' title='bbox 719 1746 798 1816; x_wconf 83' lang='lat' dir='ltr'>tibia,</span> <span class='ocrx_word' id='word_1_143' title='bbox 818 1767 926 1806; x_wconf 90' lang='lat' dir='ltr'>versus.</span> 
     </span>
     <span class='ocr_line' id='line_1_22' title="bbox 134 1827 924 1898; baseline -0.003 -10"><span class='ocrx_word' id='word_1_144' title='bbox 134 1827 243 1889; x_wconf 88' lang='lat' dir='ltr'>Omnia</span> <span class='ocrx_word' id='word_1_145' title='bbox 263 1830 311 1887; x_wconf 89' lang='lat' dir='ltr'>vel</span> <span class='ocrx_word' id='word_1_146' title='bbox 332 1828 464 1887; x_wconf 90' lang='lat' dir='ltr'>medium</span> <span class='ocrx_word' id='word_1_147' title='bbox 484 1830 535 1887; x_wconf 92' lang='lat' dir='ltr'>fiat</span> <span class='ocrx_word' id='word_1_148' title='bbox 556 1847 644 1887; x_wconf 91' lang='lat' dir='ltr'>mare.</span> <span class='ocrx_word' id='word_1_149' title='bbox 687 1827 794 1898; x_wconf 90' lang='lat' dir='ltr'>Vivite‚</span> <span class='ocrx_word' id='word_1_150' title='bbox 816 1827 924 1887; x_wconf 90' lang='lat' dir='ltr'>silvae:</span> 
     </span>
     <span class='ocr_line' id='line_1_23' title="bbox 133 1907 866 1985; baseline -0.003 -17"><span class='ocrx_word' id='word_1_151' title='bbox 133 1911 277 1985; x_wconf 89' lang='lat' dir='ltr'>Praeceps</span> <span class='ocrx_word' id='word_1_152' title='bbox 298 1908 367 1968; x_wconf 72' lang='lat' dir='ltr'>aerii</span> <span class='ocrx_word' id='word_1_153' title='bbox 388 1909 510 1984; x_wconf 89' lang='lat' dir='ltr'>specula</span> <span class='ocrx_word' id='word_1_154' title='bbox 530 1908 568 1967; x_wconf 93' lang='lat' dir='ltr'>de</span> <span class='ocrx_word' id='word_1_155' title='bbox 589 1907 699 1967; x_wconf 89' lang='lat' dir='ltr'>montis</span> <span class='ocrx_word' id='word_1_156' title='bbox 719 1907 751 1965; x_wconf 91' lang='lat' dir='ltr'>in</span> <span class='ocrx_word' id='word_1_157' title='bbox 772 1908 866 1967; x_wconf 89' lang='lat' dir='ltr'>undas</span> 
     </span>
     <span class='ocr_line' id='line_1_24' title="bbox 134 1986 984 2062; baseline -0.002 -15"><span class='ocrx_word' id='word_1_158' title='bbox 134 1991 274 2062; x_wconf 78' lang='lat' dir='ltr'>Deferar3</span> <span class='ocrx_word' id='word_1_159' title='bbox 303 1999 465 2048; x_wconf 85' lang='lat' dir='ltr'>extremum</span> <span class='ocrx_word' id='word_1_160' title='bbox 486 1990 544 2047; x_wconf 92' lang='lat' dir='ltr'>hoc</span> <span class='ocrx_word' id='word_1_161' title='bbox 565 2007 672 2047; x_wconf 90' lang='lat' dir='ltr'>munus</span> <span class='ocrx_word' id='word_1_162' title='bbox 693 1986 846 2047; x_wconf 90' lang='lat' dir='ltr'>morientis</span> <span class='ocrx_word' id='word_1_163' title='bbox 866 1987 984 2048; x_wconf 87' lang='lat' dir='ltr'>habeto.</span> 
     </span>
    </p>

    <p class='ocr_par' dir='ltr' id='par_1_8' title="bbox 174 2066 939 2141">
     <span class='ocr_line' id='line_1_25' title="bbox 174 2066 939 2141; baseline -0.004 -12"><span class='ocrx_word' id='word_1_164' title='bbox 174 2068 286 2129; x_wconf 89' lang='lat' dir='ltr'>Desine</span> <span class='ocrx_word' id='word_1_165' title='bbox 308 2069 482 2141; x_wconf 65' lang='lat' dir='ltr'>Maenalios</span> <span class='ocrx_word' id='word_1_166' title='bbox 504 2069 563 2127; x_wconf 87' lang='lat' dir='ltr'>ianr</span> <span class='ocrx_word' id='word_1_167' title='bbox 585 2067 695 2140; x_wconf 91' lang='lat' dir='ltr'>desine,</span> <span class='ocrx_word' id='word_1_168' title='bbox 717 2066 798 2139; x_wconf 89' lang='lat' dir='ltr'>tibia,</span> <span class='ocrx_word' id='word_1_169' title='bbox 820 2070 939 2127; x_wconf 71' lang='lat' dir='ltr'>versus!</span> 
     </span>
    </p>

    <p class='ocr_par' dir='ltr' id='par_1_9' title="bbox 134 2147 1064 2304">
     <span class='ocr_line' id='line_1_26' title="bbox 173 2147 1064 2224; baseline -0.002 -16"><span class='ocrx_word' id='word_1_170' title='bbox 173 2152 260 2209; x_wconf 88' lang='lat' dir='ltr'>Haec</span> <span class='ocrx_word' id='word_1_171' title='bbox 282 2150 419 2209; x_wconf 88' lang='lat' dir='ltr'>Damon:</span> <span class='ocrx_word' id='word_1_172' title='bbox 446 2168 508 2220; x_wconf 89' lang='lat' dir='ltr'>vos,</span> <span class='ocrx_word' id='word_1_173' title='bbox 530 2167 607 2224; x_wconf 91' lang='lat' dir='ltr'>quae</span> <span class='ocrx_word' id='word_1_174' title='bbox 628 2148 815 2224; x_wconf 91' lang='lat' dir='ltr'>responderit</span> <span class='ocrx_word' id='word_1_175' title='bbox 836 2147 1064 2224; x_wconf 90' lang='lat' dir='ltr'>Alphesiboeus,</span> 
     </span>
     <span class='ocr_line' id='line_1_27' title="bbox 134 2228 936 2304; baseline -0.002 -14"><span class='ocrx_word' id='word_1_176' title='bbox 134 2230 241 2302; x_wconf 86' lang='lat' dir='ltr'>Dicite,</span> <span class='ocrx_word' id='word_1_177' title='bbox 264 2228 411 2304; x_wconf 83' lang='lat' dir='ltr'>Pierides3</span> <span class='ocrx_word' id='word_1_178' title='bbox 438 2249 498 2288; x_wconf 87' lang='lat' dir='ltr'>non</span> <span class='ocrx_word' id='word_1_179' title='bbox 521 2229 623 2288; x_wconf 87' lang='lat' dir='ltr'>omnia</span> <span class='ocrx_word' id='word_1_180' title='bbox 643 2247 802 2304; x_wconf 89' lang='lat' dir='ltr'>possumus</span> <span class='ocrx_word' id='word_1_181' title='bbox 823 2248 936 2288; x_wconf 84' lang='lat' dir='ltr'>omnes</span> 
     </span>
    </p>

    <p class='ocr_par' dir='ltr' id='par_1_10' title="bbox 131 2307 1131 2627">
     <span class='ocr_line' id='line_1_28' title="bbox 171 2307 1131 2386; baseline -0.002 -18"><span class='ocrx_word' id='word_1_182' title='bbox 171 2311 211 2368; x_wconf 90' lang='lat' dir='ltr'>A.</span> <span class='ocrx_word' id='word_1_183' title='bbox 234 2311 331 2368; x_wconf 85' lang='lat' dir='ltr'>‘Effer</span> <span class='ocrx_word' id='word_1_184' title='bbox 349 2329 466 2386; x_wconf 89' lang='lat' dir='ltr'>aquam,</span> <span class='ocrx_word' id='word_1_185' title='bbox 482 2322 511 2369; x_wconf 93' lang='lat' dir='ltr'>et</span> <span class='ocrx_word' id='word_1_186' title='bbox 531 2309 614 2369; x_wconf 91' lang='lat' dir='ltr'>molli</span> <span class='ocrx_word' id='word_1_187' title='bbox 633 2308 718 2385; x_wconf 84' lang='lat' dir='ltr'>cinge</span> <span class='ocrx_word' id='word_1_188' title='bbox 737 2309 813 2368; x_wconf 91' lang='lat' dir='ltr'>haec</span> <span class='ocrx_word' id='word_1_189' title='bbox 833 2308 935 2368; x_wconf 88' lang='lat' dir='ltr'>altaria</span> <span class='ocrx_word' id='word_1_190' title='bbox 952 2307 1034 2379; x_wconf 87' lang='lat' dir='ltr'>vitta,</span> <span class='ocrx_word' id='word_1_191' title='bbox 1093 2310 1131 2385; x_wconf 83' lang='grc'>65</span> 
     </span>
     <span class='ocr_line' id='line_1_29' title="bbox 131 2389 889 2466; baseline -0.005 -16"><span class='ocrx_word' id='word_1_192' title='bbox 131 2392 344 2466; x_wconf 86' lang='lat' dir='ltr'>Verbenasque</span> <span class='ocrx_word' id='word_1_193' title='bbox 364 2391 452 2449; x_wconf 89' lang='lat' dir='ltr'>adole</span> <span class='ocrx_word' id='word_1_194' title='bbox 472 2389 594 2466; x_wconf 91' lang='lat' dir='ltr'>pingues</span> <span class='ocrx_word' id='word_1_195' title='bbox 616 2400 646 2450; x_wconf 92' lang='lat' dir='ltr'>et</span> <span class='ocrx_word' id='word_1_196' title='bbox 666 2391 798 2448; x_wconf 90' lang='lat' dir='ltr'>mascula</span> <span class='ocrx_word' id='word_1_197' title='bbox 816 2399 889 2460; x_wconf 73' lang='lat' dir='ltr'>tura</span> 
     </span>
     <span class='ocr_line' id='line_1_30' title="bbox 133 2468 841 2546; baseline -0.003 -16"><span class='ocrx_word' id='word_1_198' title='bbox 133 2468 276 2546; x_wconf 88' lang='lat' dir='ltr'>Coniugis</span> <span class='ocrx_word' id='word_1_199' title='bbox 296 2479 329 2529; x_wconf 90' lang='lat' dir='ltr'>ut</span> <span class='ocrx_word' id='word_1_200' title='bbox 349 2468 471 2546; x_wconf 87' lang='lat' dir='ltr'>magicis</span> <span class='ocrx_word' id='word_1_201' title='bbox 492 2489 580 2529; x_wconf 91' lang='lat' dir='ltr'>sanos</span> <span class='ocrx_word' id='word_1_202' title='bbox 600 2481 731 2529; x_wconf 88' lang='lat' dir='ltr'>avertere</span> <span class='ocrx_word' id='word_1_203' title='bbox 752 2468 841 2530; x_wconf 86' lang='lat' dir='ltr'>sacris</span> 
     </span>
     <span class='ocr_line' id='line_1_31' title="bbox 134 2548 955 2627; baseline -0.001 -18"><span class='ocrx_word' id='word_1_204' title='bbox 134 2549 275 2627; x_wconf 86' lang='lat' dir='ltr'>Experiar</span> <span class='ocrx_word' id='word_1_205' title='bbox 295 2568 398 2608; x_wconf 89' lang='lat' dir='ltr'>sensus</span> <span class='ocrx_word' id='word_1_206' title='bbox 408 2569 416 2622; x_wconf 86' lang='lat'>;</span> <span class='ocrx_word' id='word_1_207' title='bbox 443 2549 516 2608; x_wconf 89' lang='lat' dir='ltr'>nihil</span> <span class='ocrx_word' id='word_1_208' title='bbox 536 2550 585 2608; x_wconf 91' lang='lat' dir='ltr'>hic</span> <span class='ocrx_word' id='word_1_209' title='bbox 605 2549 662 2609; x_wconf 92' lang='lat' dir='ltr'>nisi</span> <span class='ocrx_word' id='word_1_210' title='bbox 683 2550 813 2608; x_wconf 87' lang='lat' dir='ltr'>carmina</span> <span class='ocrx_word' id='word_1_211' title='bbox 834 2548 955 2608; x_wconf 89' lang='lat' dir='ltr'>desunt:</span> 
     </span>
    </p>

    <p class='ocr_par' dir='ltr' id='par_1_11' title="bbox 133 2627 1131 2861">
     <span class='ocr_line' id='line_1_32' title="bbox 173 2627 1129 2705; baseline -0.006 -15"><span class='ocrx_word' id='word_1_212' title='bbox 173 2629 282 2690; x_wconf 88' lang='lat' dir='ltr'>Ducite</span> <span class='ocrx_word' id='word_1_213' title='bbox 301 2630 340 2688; x_wconf 93' lang='lat' dir='ltr'>ab</span> <span class='ocrx_word' id='word_1_214' title='bbox 359 2631 433 2689; x_wconf 91' lang='lat' dir='ltr'>urbe</span> <span class='ocrx_word' id='word_1_215' title='bbox 452 2631 585 2702; x_wconf 88' lang='lat' dir='ltr'>domum,</span> <span class='ocrx_word' id='word_1_216' title='bbox 605 2649 673 2689; x_wconf 90' lang='lat' dir='ltr'>mea</span> <span class='ocrx_word' id='word_1_217' title='bbox 691 2629 829 2700; x_wconf 89' lang='lat' dir='ltr'>carmina,</span> <span class='ocrx_word' id='word_1_218' title='bbox 847 2629 948 2688; x_wconf 88' lang='lat' dir='ltr'>ducite</span> <span class='ocrx_word' id='word_1_219' title='bbox 970 2627 1129 2705; x_wconf 90' lang='lat' dir='ltr'>Daphnim.</span> 
     </span>
     <span class='ocr_line' id='line_1_33' title="bbox 133 2709 1131 2786; baseline -0.007 -14"><span class='ocrx_word' id='word_1_220' title='bbox 133 2709 274 2772; x_wconf 87' lang='lat' dir='ltr'>Carmina</span> <span class='ocrx_word' id='word_1_221' title='bbox 293 2712 340 2770; x_wconf 88' lang='lat' dir='ltr'>vel</span> <span class='ocrx_word' id='word_1_222' title='bbox 360 2712 443 2770; x_wconf 90' lang='lat' dir='ltr'>caelo</span> <span class='ocrx_word' id='word_1_223' title='bbox 464 2720 588 2786; x_wconf 89' lang='lat' dir='ltr'>possunt</span> <span class='ocrx_word' id='word_1_224' title='bbox 609 2711 757 2769; x_wconf 88' lang='lat' dir='ltr'>deducere</span> <span class='ocrx_word' id='word_1_225' title='bbox 778 2711 914 2781; x_wconf 78' lang='lat' dir='ltr'>Lunam3</span> <span class='ocrx_word' id='word_1_226' title='bbox 1095 2725 1131 2782; x_wconf 87' lang='lat'>70</span> 
     </span>
     <span class='ocr_line' id='line_1_34' title="bbox 134 2789 812 2861; baseline -0.009 -9"><span class='ocrx_word' id='word_1_227' title='bbox 134 2789 322 2852; x_wconf 90' lang='lat' dir='ltr'>Carminibus</span> <span class='ocrx_word' id='word_1_228' title='bbox 343 2789 429 2851; x_wconf 90' lang='lat' dir='ltr'>Circe</span> <span class='ocrx_word' id='word_1_229' title='bbox 450 2790 547 2850; x_wconf 92' lang='lat' dir='ltr'>socios</span> <span class='ocrx_word' id='word_1_230' title='bbox 568 2791 691 2848; x_wconf 88' lang='lat' dir='ltr'>mutavit</span> <span class='ocrx_word' id='word_1_231' title='bbox 711 2790 812 2861; x_wconf 84' lang='lat' dir='ltr'>Ulixi3</span> 
     </span>
    </p>

    <p class='ocr_par' dir='ltr' id='par_1_12' title="bbox 92 2868 889 2947">
     <span class='ocr_line' id='line_1_35' title="bbox 92 2868 889 2947; baseline -0.005 -16"><span class='ocrx_word' id='word_1_232' title='bbox 92 2933 94 2938; x_wconf 75' lang='grc'>,</span> <span class='ocrx_word' id='word_1_233' title='bbox 133 2870 267 2946; x_wconf 89' lang='lat' dir='ltr'>Frigidus</span> <span class='ocrx_word' id='word_1_234' title='bbox 287 2870 319 2929; x_wconf 89' lang='lat' dir='ltr'>in</span> <span class='ocrx_word' id='word_1_235' title='bbox 339 2869 428 2947; x_wconf 88' lang='lat' dir='ltr'>pratis</span> <span class='ocrx_word' id='word_1_236' title='bbox 448 2871 597 2930; x_wconf 87' lang='lat' dir='ltr'>cantando</span> <span class='ocrx_word' id='word_1_237' title='bbox 616 2869 760 2946; x_wconf 84' lang='lat' dir='ltr'>rumpitur</span> <span class='ocrx_word' id='word_1_238' title='bbox 779 2868 889 2945; x_wconf 81' lang='lat' dir='ltr'>anguis,</span> 
     </span>
    </p>

    <p class='ocr_par' dir='ltr' id='par_1_13' title="bbox 133 2945 1129 3184">
     <span class='ocr_line' id='line_1_36' title="bbox 175 2945 1129 3024; baseline -0.002 -14"><span class='ocrx_word' id='word_1_239' title='bbox 175 2949 284 3012; x_wconf 90' lang='lat' dir='ltr'>Ducite</span> <span class='ocrx_word' id='word_1_240' title='bbox 302 2953 340 3010; x_wconf 90' lang='lat' dir='ltr'>ab</span> <span class='ocrx_word' id='word_1_241' title='bbox 357 2952 429 3010; x_wconf 91' lang='lat' dir='ltr'>urbe</span> <span class='ocrx_word' id='word_1_242' title='bbox 448 2952 580 3021; x_wconf 92' lang='lat' dir='ltr'>domum,</span> <span class='ocrx_word' id='word_1_243' title='bbox 601 2969 667 3009; x_wconf 91' lang='lat' dir='ltr'>mea</span> <span class='ocrx_word' id='word_1_244' title='bbox 686 2949 825 3021; x_wconf 86' lang='lat' dir='ltr'>carmina,</span> <span class='ocrx_word' id='word_1_245' title='bbox 844 2947 946 3008; x_wconf 91' lang='lat' dir='ltr'>ducite</span> <span class='ocrx_word' id='word_1_246' title='bbox 968 2945 1129 3024; x_wconf 90' lang='lat' dir='ltr'>Daphnim.</span> 
     </span>
     <span class='ocr_line' id='line_1_37' title="bbox 133 3027 929 3104; baseline -0.006 -14"><span class='ocrx_word' id='word_1_247' title='bbox 133 3033 233 3103; x_wconf 74' lang='lat' dir='ltr'>Tema</span> <span class='ocrx_word' id='word_1_248' title='bbox 251 3029 306 3090; x_wconf 91' lang='lat' dir='ltr'>tibi</span> <span class='ocrx_word' id='word_1_249' title='bbox 326 3031 400 3089; x_wconf 88' lang='lat' dir='ltr'>haec</span> <span class='ocrx_word' id='word_1_250' title='bbox 420 3029 548 3104; x_wconf 87' lang='lat' dir='ltr'>primum</span> <span class='ocrx_word' id='word_1_251' title='bbox 570 3029 675 3104; x_wconf 91' lang='lat' dir='ltr'>triplici</span> <span class='ocrx_word' id='word_1_252' title='bbox 696 3027 811 3088; x_wconf 89' lang='lat' dir='ltr'>diversa</span> <span class='ocrx_word' id='word_1_253' title='bbox 830 3030 929 3088; x_wconf 85' lang='lat' dir='ltr'>colore</span> 
     </span>
     <span class='ocr_line' id='line_1_38' title="bbox 134 3108 1129 3184; baseline -0.003 -18"><span class='ocrx_word' id='word_1_254' title='bbox 134 3108 217 3180; x_wconf 77' lang='lat' dir='ltr'>Licia</span> <span class='ocrx_word' id='word_1_255' title='bbox 236 3108 397 3178; x_wconf 90' lang='lat' dir='ltr'>circumdo,</span> <span class='ocrx_word' id='word_1_256' title='bbox 418 3119 521 3182; x_wconf 90' lang='lat' dir='ltr'>terque</span> <span class='ocrx_word' id='word_1_257' title='bbox 543 3110 617 3166; x_wconf 91' lang='lat' dir='ltr'>haec</span> <span class='ocrx_word' id='word_1_258' title='bbox 636 3108 740 3166; x_wconf 86' lang='lat' dir='ltr'>altaria</span> <span class='ocrx_word' id='word_1_259' title='bbox 760 3108 870 3166; x_wconf 89' lang='lat' dir='ltr'>circum</span> <span class='ocrx_word' id='word_1_260' title='bbox 1096 3123 1129 3184; x_wconf 83' lang='lat'>75</span> 
     </span>
    </p>

    <p class='ocr_par' dir='ltr' id='par_1_14' title="bbox 111 3183 904 3262">
     <span class='ocr_line' id='line_1_39' title="bbox 111 3183 904 3262; baseline -0.003 -17"><span class='ocrx_word' id='word_1_261' title='bbox 111 3183 271 3262; x_wconf 62' lang='lat' dir='ltr'>gEffigiem</span> <span class='ocrx_word' id='word_1_262' title='bbox 292 3188 371 3244; x_wconf 91' lang='lat' dir='ltr'>duco</span> <span class='ocrx_word' id='word_1_263' title='bbox 381 3206 390 3258; x_wconf 83' lang='lat'><em>3</em></span> <span class='ocrx_word' id='word_1_264' title='bbox 416 3204 540 3244; x_wconf 91' lang='lat' dir='ltr'>numero</span> <span class='ocrx_word' id='word_1_265' title='bbox 561 3186 635 3243; x_wconf 91' lang='lat' dir='ltr'>deus</span> <span class='ocrx_word' id='word_1_266' title='bbox 655 3185 767 3262; x_wconf 88' lang='lat' dir='ltr'>impare</span> <span class='ocrx_word' id='word_1_267' title='bbox 786 3187 904 3262; x_wconf 88' lang='lat' dir='ltr'>gaudet.</span> 
     </span>
    </p>

    <p class='ocr_par' dir='ltr' id='par_1_15' title="bbox 137 3261 1132 3416">
     <span class='ocr_line' id='line_1_40' title="bbox 177 3261 1132 3346; baseline 0.002 -26"><span class='ocrx_word' id='word_1_268' title='bbox 177 3262 300 3343; x_wconf 88' lang='lat' dir='ltr'>[Ducite</span> <span class='ocrx_word' id='word_1_269' title='bbox 314 3266 352 3322; x_wconf 90' lang='lat' dir='ltr'>ab</span> <span class='ocrx_word' id='word_1_270' title='bbox 366 3265 438 3322; x_wconf 89' lang='lat' dir='ltr'>urbe</span> <span class='ocrx_word' id='word_1_271' title='bbox 453 3265 585 3333; x_wconf 88' lang='lat' dir='ltr'>domurn,</span> <span class='ocrx_word' id='word_1_272' title='bbox 602 3282 669 3321; x_wconf 90' lang='lat' dir='ltr'>mea</span> <span class='ocrx_word' id='word_1_273' title='bbox 682 3264 821 3333; x_wconf 86' lang='lat' dir='ltr'>carmina,</span> <span class='ocrx_word' id='word_1_274' title='bbox 838 3265 937 3323; x_wconf 91' lang='lat' dir='ltr'>ducite</span> <span class='ocrx_word' id='word_1_275' title='bbox 957 3261 1132 3346; x_wconf 85' lang='lat' dir='ltr'>Daphnim]</span> 
     </span>
     <span class='ocr_line' id='line_1_41' title="bbox 137 3341 906 3416; baseline 0 -16"><span class='ocrx_word' id='word_1_276' title='bbox 137 3345 233 3401; x_wconf 89' lang='lat' dir='ltr'>Necte</span> <span class='ocrx_word' id='word_1_277' title='bbox 255 3342 345 3401; x_wconf 87' lang='lat' dir='ltr'>tribus</span> <span class='ocrx_word' id='word_1_278' title='bbox 366 3341 453 3400; x_wconf 91' lang='lat' dir='ltr'>nodis</span> <span class='ocrx_word' id='word_1_279' title='bbox 474 3351 581 3409; x_wconf 90' lang='lat' dir='ltr'>ternos,</span> <span class='ocrx_word' id='word_1_280' title='bbox 603 3343 753 3416; x_wconf 89' lang='lat' dir='ltr'>Amarylli‚</span> <span class='ocrx_word' id='word_1_281' title='bbox 774 3345 906 3415; x_wconf 82' lang='lat' dir='ltr'>colores3</span> 
     </span>
    </p>
   </div>
   <div class='ocr_carea' id='block_1_3' title="bbox 0 0 1258 3702">
    <p class='ocr_par' dir='ltr' id='par_1_16' title="bbox 0 0 1258 3702">
     <span class='ocr_line' id='line_1_42' title="bbox 0 0 1258 3702; baseline 0 0"><span class='ocrx_word' id='word_1_282' title='bbox 0 0 1258 3702; x_wconf 95' lang='lat' dir='ltr'> </span> 
     </span>
    </p>
   </div>
  </div>
 </body>
</html>
