2462 3678
375 101 615 164 AENEIDOS
639 103 724 162 ΜΒ.
759 101 811 163 VI.

51 233 249 295 Continuo
270 231 387 292 auditae
409 251 505 304 voces,
526 231 640 308 vagitus
661 241 690 291 et
709 230 823 308 ingens,

54 316 308 390 Insantumque
329 312 446 372 animae
466 313 571 372 flentes
591 313 623 371 in
643 311 744 372 limine
764 312 868 389 primo,

58 397 181 470 Quos
199 393 294 453 dulcis
314 393 391 453 vitae
411 403 542 453 exsortes
563 403 592 452 et
613 393 651 452 ab
672 393 761 453 ubere
781 404 880 468 raptos

58 475 228 534 Abstulit
248 485 310 534 atra
330 473 394 533 dies
415 483 445 532 et
464 475 564 533 funere
585 472 685 532 mersit
705 475 821 533 acerbo.

65 557 164 615 Hos
185 554 267 614 iuxta
285 555 360 614 falso
381 553 512 612 damnati
531 553 653 612 crimine
674 554 782 612 mortis.
1031 573 1090 629 430

68 638 161 696 Nec
182 654 254 695 vero
273 635 330 694 hae
351 633 414 693 sine
435 645 512 694 sorte
533 635 628 707 datae,
650 633 713 694 sine
733 633 840 707 iudice,
862 635 964 694 sedes:

73 715 255 791 Quaesitor
276 714 378 774 Minos
397 733 502 774 urnam
522 725 639 788 movet;
659 714 709 772 ille
731 713 869 774 silentum

77 795 326 872 Conciliumque
346 805 432 855 vocat
451 794 587 870 vitasque
606 805 636 854 et
656 794 779 854 crimina
799 794 892 854 discit

130 876 276 936 Proxima
296 875 405 936 deinde
425 886 527 935 tenent
548 874 653 934 maesti
672 875 747 948 loca,
770 874 821 950 qui
842 873 898 934 sibi
918 876 1009 934 letum

78 959 236 1017 Insontes
256 975 396 1033 peperere
415 975 514 1028 manu,
535 957 692 1032 lucemque
712 955 809 1031 perosi
1031 973 1086 1031 435

12 1051 21 1076 ¹
78 1036 250 1097 Proiecere
270 1037 390 1096 animas.
433 1037 531 1111 Quam
551 1037 660 1096 vellent
680 1037 797 1095 aethere
817 1035 848 1093 in
869 1036 930 1094 alto

78 1120 187 1176 Nunc
207 1128 236 1178 et
256 1117 425 1194 pauperiem
446 1129 476 1176 et
497 1118 585 1176 duros
606 1117 731 1192 perferre
752 1117 885 1174 labores!

80 1200 151 1256 Fas
174 1198 281 1270 obstat,
303 1197 434 1273 tristique
454 1198 539 1272 palus
559 1196 724 1255 inamabilis
745 1197 826 1255 unda

81 1278 214 1354 Alligat,
237 1288 267 1338 et
287 1277 410 1337 noviens
431 1279 503 1354 Styx
523 1276 662 1336 interfusa
682 1287 806 1336 coercet.

132 1361 203 1418 Nec
216 1357 319 1434 procul
332 1357 402 1416 hinc
415 1368 527 1434 partem
541 1357 598 1416 fusi
612 1367 811 1416 monstrantur
823 1359 854 1415 in
869 1375 988 1416 omnem
1029 1376 1087 1430 440

83 1442 245 1515 Lugentes
265 1437 362 1515 campi
369 1460 378 1512 ;
400 1437 442 1497 sic
462 1437 529 1496 illos
549 1436 669 1496 nomine
690 1436 800 1496 dicunt.

86 1520 166 1591 Hic,
190 1539 265 1595 quos
285 1519 375 1578 durus
394 1538 479 1578 arnor
498 1518 609 1577 crudeli
629 1519 698 1577 tabe
717 1518 840 1594 peredit,

87 1599 206 1660 Secreti
226 1599 323 1659 celant
343 1601 432 1658 calles
453 1608 482 1658 et
503 1611 615 1674 myrtea
634 1597 745 1657 circum

88 1680 176 1740 Silva
195 1679 284 1756 tegit:
306 1699 392 1739 curae
412 1699 474 1738 non
495 1679 559 1754 ipsa
579 1678 609 1736 in
631 1689 724 1738 morte
746 1678 922 1755 relinquunt.

90 1759 155 1819 His
177 1762 341 1820 Phaedram
363 1758 552 1835 Procrimque
572 1758 654 1832 lociS,
676 1770 877 1834 maestamque
898 1757 1067 1837 Eriphylen,

91 1840 232 1900 Crudelis
253 1840 313 1898 nati
334 1850 545 1899 monstrantem
566 1841 694 1912 volnera,
716 1839 817 1912 cernit,
1029 1843 1087 1912 446

92 1922 310 1996 Euadnenque,
331 1931 360 1980 et
382 1919 548 1996 Pasiphaen
558 1940 566 1991 ;
586 1919 632 1979 his
653 1919 817 1979 Laodamia

28 2003 30 2006 ’
92 2003 125 2061 It
147 2020 256 2074 comeS,
278 2011 308 2060 et
327 2000 440 2060 iuvenis
461 2001 621 2077 quondam,
643 2019 723 2058 nunc
743 1999 859 2071 femina,
883 2001 1027 2074 Caeneus,

93 2085 209 2142 Rursus
230 2092 260 2141 et
279 2080 310 2140 in
331 2091 460 2140 veterem
479 2083 541 2140 fato
560 2081 694 2139 revoluta
714 2081 845 2155 figuram.

136 2164 218 2221 Inter
239 2181 312 2238 quas
333 2161 495 2220 Phoenissa
515 2179 617 2220 recens
638 2179 656 2219 a
676 2161 795 2219 volnere
817 2161 899 2220 Dido
1029 2178 1087 2237 450

96 2245 220 2302 Errabat
242 2241 313 2301 silva
333 2241 363 2300 in
384 2261 507 2318 magna:
530 2260 619 2317 quarn
640 2243 746 2299 Troius
766 2240 862 2314 heros,

96 2325 142 2384 Ut
161 2322 286 2399 primurn
307 2320 388 2383 iuxta
408 2321 487 2381 stetit
508 2320 708 2398 adgnovitque
728 2338 781 2398 per
801 2321 920 2381 umbras

97 2404 269 2476 Obscuram,
292 2403 407 2479 qualem
429 2401 524 2478 primo
545 2401 596 2478 qui
617 2421 733 2478 surgere
754 2421 856 2462 mense

99 2487 158 2542 Aut
177 2482 259 2542 videt
279 2493 329 2542 aut
349 2482 457 2542 vidisse
477 2493 562 2558 putat
582 2501 634 2558 per
655 2481 756 2542 nubila
776 2484 886 2556 lunam,

100 2562 223 2623 Demisit
242 2563 385 2636 lacrimas
407 2562 545 2638 dulcique
566 2564 680 2622 adfatus
701 2581 801 2622 amore
822 2575 884 2624 est:
1028 2581 1086 2640 455

101 2643 220 2704 ‘Infelix
240 2643 331 2717 Dido,
352 2663 437 2703 verus
458 2642 530 2701 mihi
551 2643 671 2702 nuntius
691 2662 761 2719 ergo

102 2727 242 2784 ‘Venerat
262 2725 428 2797 extinctam,
450 2725 585 2799 ferroque
605 2733 735 2782 extrema
755 2726 911 2782 secutam?

102 2805 235 2866 ‘Funeris
256 2806 314 2865 heu
335 2804 389 2864 tibi
410 2823 498 2863 causa
518 2803 582 2862 sui?
623 2805 679 2861 Per
699 2802 821 2862 sidera
808 2822 886 2892 rum,

103 2888 170 2946 ‘Per
189 2895 369 2962 superos,et
390 2883 415 2945 si
435 2903 494 2960 qua
513 2884 587 2942 fides
607 2883 710 2942 tellure
730 2881 815 2942 sub
806 2902 865 2940 rma
886 2892 938 2954 est,

104 2965 235 3040 ‘Invitus
257 2965 364 3058 regina,
388 2975 439 3024 tuo
461 2965 498 3024 de
519 2963 604 3023 litore
625 2961 708 3022 cessi
1029 2969 1087 3036 460

105 3048 172 3106 ‘Sed
192 3067 240 3106 me
260 3047 340 3106 iussa
360 3047 458 3117 deum,
481 3063 557 3121 quae
579 3062 659 3102 nunc
679 3041 761 3102 has
753 3061 794 3103 rre
815 3062 868 3119 per
887 3045 1014 3117 umbras,

105 3130 171 3186 ‘Per
189 3129 255 3186 loca
276 3136 360 3186 senta
380 3125 437 3185 situ
459 3134 569 3202 cogunt
589 3133 767 3200 noctemque
787 3125 972 3200 profundam,

106 3207 246 3284 ‘Imperiis
267 3227 352 3284 egere
373 3207 449 3281 suis,
470 3224 525 3264 nec
546 3205 664 3264 credere
687 3203 768 3280 quivi

106 3289 209 3348 ‘Hunc
225 3297 374 3348 tantumt
362 3286 415 3346 tibi
436 3305 485 3345 me
507 3285 637 3344 discessu
657 3285 730 3345 ferre
751 3286 891 3344 dolorem.

108 3369 188 3429 ‘Siste
208 3369 342 3445 gradum,
363 3377 453 3442 teque
473 3375 574 3442 aspect
575 3385 594 3424 0
615 3384 653 3426 ne
674 3367 811 3425 subtrahe
832 3375 940 3424 nostro.
1028 3371 1085 3440 405
