2494 3702
382 102 619 162 Bucoarcn.
660 102 754 160 acl.
777 104 841 160 m.
1069 102 1126 176 83.

106 252 255 324 Efficiam,
277 255 402 328 posthac
423 273 461 314 ne
483 273 662 330 quemquam
684 273 759 313 voce
780 255 913 312 lacessas.

148 335 190 393 D.
218 334 296 409 Quin
316 353 379 410 age,
399 334 424 392 si
443 333 514 410 quid
533 336 642 393 habes:
667 333 697 392 in
718 353 767 393 me
787 353 869 394 mora
887 353 948 392 non
967 333 1020 393 erit
1039 335 1106 407 ulla,

105 415 175 472 Nec
196 433 377 490 quemquam
398 413 486 491 fugio,
509 425 632 486 tantum,
654 413 750 473 vicine
771 415 941 485 Palaemon,

105 494 249 552 Sensibus
270 495 344 553 haec
363 493 430 553 imis
452 494 510 572 (res
531 504 575 552 est
596 513 658 554 non
678 493 781 574 parva)
803 513 939 570 reponas.

149 576 184 632 P.
215 573 322 647 Dicite,
337 575 579 650 quandoquidem
594 575 625 633 in
639 574 721 634 molli
740 575 928 634 consedimus
947 575 1045 646 herba,
1068 590 1104 651 55

106 655 148 712 Et
169 673 250 712 nunc
271 655 368 713 omnis
388 674 464 730 ager,
487 675 567 712 nuuc
588 655 685 714 omnis
705 654 829 730 parturit
848 656 944 726 arbos

105 735 139 790 N
141 753 199 792 unc
221 735 358 794 frondent
378 735 476 806 silvae,
498 755 578 793 nunc
598 735 826 794 formosissimus
847 753 951 794 annus.

105 814 221 890 Incipe,
244 817 411 886 Damoeta;
439 827 470 872 tu
491 814 600 874 deinde
621 834 753 890 sequere,
777 816 922 874 Menalca

104 894 236 954 Alternis
257 894 361 954 dicetis
372 915 381 967 3
408 906 508 954 amant
528 896 640 954 alterna
661 897 818 955 Camenae.

146 976 190 1032 D.
220 977 268 1034 Ab
290 976 362 1034 Iove
382 974 559 1052 principium
581 977 707 1034 Musae:
736 974 816 1034 Iovis
837 972 937 1034 omnia
957 977 1045 1052 plena
1056 996 1064 1048 ;

106 1054 164 1114 Ille
184 1056 255 1114 colit
276 1065 366 1114 terras
375 1076 384 1127 3
410 1055 452 1114 illi
474 1075 540 1114 mea
561 1054 692 1114 carmina
712 1074 806 1114 curae.
1066 1058 1101 1113 61

146 1137 191 1194 M
222 1137 262 1194 Et
289 1154 337 1195 me
361 1137 499 1195 Phoebus
524 1145 604 1193 amat
615 1157 623 1209 3
652 1136 775 1195 Phoebo
800 1155 853 1194 sua
880 1153 995 1212 semper
1022 1135 1102 1212 apud

268 1234 316 1274 me

105 1297 233 1354 Munera
254 1307 331 1367 sunt,
353 1295 425 1354 lauri
445 1306 475 1355 et
496 1314 586 1355 suave
605 1296 714 1355 rubens
735 1294 916 1372 hyacinthus

145 1378 187 1434 D.
217 1377 300 1435 Malo
321 1395 367 1435 me
389 1377 513 1446 Galatea
532 1375 614 1453 petit,
636 1375 744 1434 lasciva
763 1377 869 1453 puella,

103 1457 146 1515 Et
166 1455 239 1532 fugit
258 1457 297 1514 ad
318 1457 429 1528 salices,
451 1468 481 1516 et
502 1475 533 1516 se
553 1456 636 1532 cupit
656 1467 727 1515 ante
747 1456 849 1514 videri.
1063 1459 1099 1530 ⁶5

146 1537 194 1596 M.
221 1539 262 1594 At
282 1535 354 1594 mihi
374 1555 438 1596 sese
459 1538 543 1595 offert
563 1538 639 1596 ultro
660 1555 745 1596 meus
765 1535 839 1612 ignis
860 1540 1013 1612 Amyntas,

102 1616 213 1676 Notior
233 1627 265 1675 ut
285 1616 344 1674 iam
365 1617 403 1675 sit
422 1617 544 1676 canibus
565 1635 626 1674 non
649 1618 736 1676 Delia
755 1615 869 1675 nostris,

144 1697 186 1754 D.
216 1699 303 1755 Parta
323 1715 406 1756 meae
427 1697 536 1756 Veneri
556 1708 624 1755 sunt
645 1715 787 1755 munera:
816 1714 945 1771 namque
966 1697 1064 1755 notavi

103 1778 175 1852 Ipse
196 1777 303 1844 locum,
326 1777 421 1836 aeriae
443 1796 503 1852 quo
524 1795 697 1852 congessere
719 1777 879 1852 palumbes.

144 1857 190 1914 M
220 1857 311 1932 Quod
330 1856 419 1932 potui,
442 1875 532 1932 puero
554 1855 675 1915 silvestri
696 1875 733 1915 ex
753 1859 857 1915 arbore
878 1857 955 1914 lecta
1063 1872 1099 1930 70

102 1938 203 1995 Aurea
224 1938 303 1995 mala
324 1937 428 1996 decem
449 1935 532 2010 misi;
560 1955 623 1994 cras
644 1937 735 1995 altera
756 1936 878 1994 mittam.

145 2017 185 2074 D.
216 2018 243 2077 O
265 2016 401 2092 quotiens
422 2028 452 2076 et
472 2036 548 2092 quae
569 2016 656 2076 nobis
677 2017 801 2076 Galatea
821 2017 920 2074 locuta
940 2025 993 2085 est,

104 2098 221 2155 Partem
242 2097 378 2172 aliquam,
399 2096 487 2167 venti,
508 2095 607 2155 divom
629 2096 758 2156 referatis
779 2097 818 2154 ad
838 2098 938 2154 auresl

143 2178 189 2236 M.
220 2175 301 2251 Quid
324 2177 445 2253 prodest
469 2177 550 2252 quod
575 2195 622 2235 me
646 2176 709 2252 ipse
733 2176 832 2234 animo
856 2194 919 2239 non
942 2175 1063 2250 spernis

266 2259 405 2332 Amynta,

101 2336 141 2409 si,
163 2337 236 2396 dum
256 2347 288 2396 tu
310 2336 429 2396 sectaris
449 2355 545 2412 apros,
568 2355 623 2412 ego
643 2337 716 2395 retia
736 2337 845 2394 servo?
1060 2353 1094 2414 75

142 2418 185 2476 D.
216 2417 349 2494 Phyllida
369 2417 452 2476 mitte
473 2416 563 2475 mihi:
592 2435 675 2475 meus
696 2427 740 2475 est
760 2415 872 2488 natalis,
895 2417 989 2488 Iolla;

102 2499 182 2560 Cum
202 2497 308 2556 faciam
329 2496 419 2557 vitula
439 2515 493 2571 pro
513 2497 652 2572 frugibus,
674 2494 739 2572 ipse
758 2496 866 2556 venito.

142 2579 188 2635 M
214 2577 348 2652 Phyllida
369 2597 437 2636 amo
461 2588 530 2635 ante
552 2576 643 2637 alias:
676 2595 745 2634 narn
766 2594 814 2636 me
835 2574 986 2636 discedere
1007 2576 1093 2649 flevit,

102 2660 142 2716 Et
164 2659 284 2732 longum
308 2660 474 2730 ‘Formose,
497 2658 562 2716 vale
583 2657 665 2728 vale,'
686 2655 789 2732 inquit,
812 2657 895 2716 Iolla.

141 2739 183 2794 D.
213 2736 309 2796 Triste
328 2739 415 2812 lupus
435 2736 564 2807 stabulis,
587 2736 706 2794 maturis
726 2736 855 2812 frugibus
876 2735 993 2807 imbreS,
1057 2739 1095 2794 80

100 2815 264 2877 Arboribus
284 2817 372 2888 venti,
393 2817 479 2876 nobis
501 2815 688 2892 Amaryllidis
708 2816 775 2875 irae.

141 2899 189 2956 M
219 2898 314 2956 Dulce
336 2897 404 2956 satis
426 2899 539 2970 humor,
561 2895 691 2972 depulsis
712 2898 832 2955 arbutus
853 2895 965 2968 haedis,

102 2979 198 3036 Lenta
217 2976 290 3036 salix
309 2979 370 3036 leto
391 2976 499 3054 pecori,
522 2976 594 3034 mihi
615 2977 695 3034 solus
717 2979 867 3052 Amyntas.

139 3059 181 3116 D.
213 3059 296 3116 Polio
317 3069 396 3117 amat
419 3068 558 3128 nostram,
581 3055 714 3132 quamvis
736 3067 780 3114 est
804 3055 918 3128 rustica,
942 3058 1079 3116 Musam:

102 3136 241 3209 Pierides,
264 3136 385 3196 vitulam
405 3137 506 3196 lectori
527 3136 637 3210 pascite
659 3147 762 3194 vestro.
1055 3139 1092 3213 85

139 3218 185 3275 M
216 3215 301 3276 Polio
321 3228 351 3275 et
371 3215 434 3292 ipse
454 3216 523 3273 lacit
544 3234 622 3274 nova
642 3215 790 3274 carmina:
817 3213 928 3293 pascite
949 3225 1073 3287 taurum,

102 3299 167 3356 Iarn
187 3315 279 3356 comu
300 3306 383 3373 petat
403 3307 432 3353 et
454 3293 581 3369 pedibus
602 3293 653 3368 qui
673 3307 787 3370 spargat
808 3314 934 3352 arenam.

139 3379 181 3435 D.
211 3375 270 3450 Qui
290 3386 329 3446 te,
344 3373 438 3443 Polio,
453 3382 541 3444 amat,
556 3371 653 3430 veniat
673 3391 732 3444 quo
754 3383 783 3430 te
803 3389 921 3443 quoque
940 3371 1050 3442 gaudet
1061 3392 1070 3440 3

916 3480 992 3530 6-2
