2460 3686
384 73 622 133 AENEJDOS
640 76 725 133 rra.
750 76 794 136 Π.
1034 91 1086 151 19⁷

69 201 190 276 ‘Ergo
211 218 274 274 age,
297 218 364 258 care
385 209 476 275 pater,
498 198 603 259 cervici
623 200 776 276 imponere
797 211 932 277 nostrae;

72 282 183 355 ‘Ipse
204 278 312 338 subibo
334 279 448 349 umeris,
469 298 526 338 nec
547 299 596 339 me
616 282 698 340 labor
717 280 772 340 iste
792 282 940 358 gravabit3

73 361 183 433 ‘Quo
203 378 251 418 res
271 378 399 434 cumque
419 361 536 431 cadent,
558 380 651 420 unum
671 372 701 421 et
720 380 880 421 commune
900 361 1050 439 periclum,

75 441 185 500 ‘Una
206 440 284 498 salus
304 441 450 499 ambobus
471 440 531 499 erit
576 440 652 499 Mihi
672 461 778 517 parvus
799 443 882 502 Iulus
1035 463 1090 519 710

76 520 157 579 ‘Sit
180 538 289 591 comes,
312 531 342 579 et
362 522 451 596 longe
470 531 565 580 servet
586 520 708 597 vestigia
727 521 863 583 coniunx.

80 601 187 671 ‘Vos,
212 599 322 672 famuli,
349 620 425 676 quae
450 599 557 673 dicam,
580 601 686 660 animis
711 602 852 662 advertite
876 603 986 664 vestris.

81 682 170 740 ‘Est
194 681 267 739 urbe
291 679 413 756 egressis
436 683 565 740 tumulus
589 683 792 758 templumque
815 693 964 742 vetustum

84 763 260 819 ‘Desertae
283 760 407 832 Cereris,
431 761 570 837 iuxtaque
592 761 714 837 antiqua
738 781 901 838 cupressus,

86 840 274 916 ‘Religione
295 851 410 916 patrum
433 842 542 900 multos
566 854 682 900 servata
702 861 756 919 per
778 862 891 902 annos:
1035 863 1088 920 715

88 923 210 979 ‘Hanc
230 939 267 979 ex
287 920 403 980 diverso
424 923 525 981 sedem
546 921 699 981 veniemus
719 922 750 980 in
770 942 868 981 unam.

89 1003 173 1072 ‘Tu,
196 1000 319 1077 genitor,
340 1021 414 1078 cape
435 1021 517 1061 sacra
537 1020 628 1060 manu
649 1001 817 1079 patriosque
837 1013 972 1078 penates:

89 1083 179 1153 ‘Me,
201 1083 282 1141 bello
302 1101 319 1140 e
339 1092 423 1141 tanto
445 1082 609 1158 digressum
629 1094 659 1142 et
680 1084 771 1142 caede
792 1083 910 1156 recenti,

90 1165 281 1220 ‘Attrectare
301 1164 393 1235 nefas,
415 1164 513 1223 donec
534 1181 582 1222 me
602 1161 723 1222 flumine
742 1162 810 1222 vivo

91 1249 99 1274 ‘
112 1242 265 1301 Abluero.'
1036 1261 1093 1319 720

92 1325 189 1382 Haec
212 1322 297 1396 satus,
320 1324 395 1383 latos
416 1343 534 1384 umeros
555 1323 745 1398 subiectaque
766 1325 841 1382 colla

91 1406 192 1462 Veste
213 1421 301 1478 super
320 1405 451 1481 fulvique
472 1405 617 1464 insternor
637 1406 716 1479 pelle
735 1404 845 1478 leonis,

93 1483 294 1560 Succedoque
315 1484 405 1544 oneri
442 1486 570 1544 Dextrae
592 1503 623 1543 se
643 1503 750 1560 parvus
773 1486 853 1542 Iulus

96 1563 252 1640 Inplicuit,
274 1564 461 1640 sequiturque
481 1575 596 1640 patrem
617 1584 677 1625 non
697 1566 830 1640 passibus
850 1565 965 1640 aequis:

97 1647 186 1704 Pone
206 1643 285 1703 subit
305 1644 445 1704 coniunx.
488 1643 621 1705 Ferimur
639 1664 692 1721 per
712 1664 807 1721 opaca
826 1646 973 1718 locorum3
1036 1662 1091 1722 725

98 1727 140 1784 Et
161 1743 218 1798 me,
241 1745 330 1802 quem
352 1726 464 1786 dudum
486 1745 548 1784 non
569 1727 629 1784 ulla
649 1725 756 1784 iniecta
776 1725 935 1785 movebant

97 1806 184 1878 Tela,
206 1824 305 1881 neque
325 1806 448 1865 adverso
468 1805 622 1883 glomerati
642 1825 678 1864 ex
697 1805 813 1882 agmine
834 1806 912 1879 Grai,

99 1887 193 1944 Nunc
212 1904 316 1945 omnes
338 1896 446 1946 terrent
466 1906 562 1959 aurae,
585 1905 674 1946 sonus
696 1885 802 1945 excitat
823 1885 918 1944 omnis

99 1968 285 2042 Suspensum
306 1977 336 2025 et
356 1967 464 2042 pariter
485 1967 646 2044 comitique
667 1966 806 2041 onerique
827 1965 986 2026 timentem.

100 2050 228 2122 Iamque
248 2046 483 2123 propinquabam
503 2046 603 2123 portis,
626 2065 804 2121 omnemque
824 2045 944 2105 videbar
1039 2061 1095 2119 730

101 2127 240 2186 Evasisse
260 2126 347 2199 viam,
370 2127 468 2186 subito
489 2147 558 2186 cum
579 2130 680 2187 creber
700 2126 739 2184 ad
759 2143 844 2184 aures

100 2206 193 2266 Visus
214 2208 319 2267 adesse
334 2209 451 2282 'pedum
473 2207 593 2281 sonitus,
616 2206 788 2283 genitorque
809 2223 861 2281 per
882 2205 1017 2264 umbram

102 2285 298 2362 ProspicienS,
325 2288 438 2359 ‘Nate,’
460 2289 611 2361 exclamat,
636 2288 728 2363 ‘fuge‚
750 2297 834 2362 nate3
860 2284 1076 2362 propinquant;

104 2367 269 2426 ‘Ardentes
290 2367 403 2443 clipeos
423 2378 512 2443 atque
532 2387 601 2427 aera
621 2365 761 2426 micantia
781 2367 888 2426 cemo’

104 2447 168 2506 Hic
187 2447 259 2505 mihi
280 2449 381 2507 nescio
403 2449 484 2524 quod
505 2447 620 2524 trepido
640 2449 717 2506 male
737 2467 848 2506 numen
869 2446 996 2506 amicum
1040 2463 1094 2522 735

103 2528 268 2588 Confusam
289 2527 395 2604 eripuit
416 2539 556 2588 mentem.
599 2531 738 2603 Namque
759 2527 824 2587 avia
844 2546 930 2587 cursu

105 2609 188 2666 Dum
210 2626 324 2683 sequor,
348 2619 376 2667 et
398 2619 469 2667 nota
490 2609 602 2668 excedo
623 2608 743 2685 regione
763 2608 883 2682 viarum,

105 2690 193 2748 Heu!
215 2687 322 2748 misero
343 2689 473 2748 coniunx
493 2691 593 2748 latone
615 2699 715 2765 erepta
735 2690 846 2748 Creusa

104 2767 251 2839 Substitit,
274 2767 416 2828 erravitne
436 2767 493 2843 via,
518 2788 570 2828 seu
591 2770 669 2827 lassa
688 2769 803 2838 resedit,

106 2850 257 2908 Incertum
263 2868 272 2922 3
298 2867 355 2909 nec
375 2860 443 2925 post
463 2847 555 2909 oculis
577 2859 622 2908 est
641 2848 757 2908 reddita
777 2845 891 2906 nostris.
1041 2863 1098 2921 740

106 2931 174 2988 Nec
193 2927 273 3005 prius
294 2928 431 2988 amissam
452 2927 575 3005 respexi,
596 2929 767 2987 animumve
787 2925 894 3000 reflexi,

107 3010 206 3083 Quam
226 3011 371 3068 tumulum
393 3008 532 3086 antiquae
553 3008 667 3071 Cereris
689 3009 850 3084 sedemque
872 3015 1012 3066 sacratam

105 3087 264 3149 Venimus:
292 3089 342 3148 hic
362 3091 483 3150 demum
504 3089 634 3150 collectis
655 3089 794 3148 omnibus
814 3107 874 3147 una

107 3169 218 3242 Defuit,
241 3179 271 3229 et
291 3168 415 3230 comites
436 3180 597 3246 natumque
615 3169 770 3246 virumque
790 3167 898 3228 fefellit.

107 3250 206 3324 Quem
228 3268 289 3309 non
310 3249 442 3308 incusavi
462 3268 565 3309 amens
585 3248 798 3325 hominumque
820 3249 1020 3324 deorumque?
1043 3263 1097 3322 745

107 3332 168 3390 Aut
189 3328 262 3405 quid
282 3327 313 3387 in
336 3347 436 3388 eversa
460 3327 521 3388 vidi
541 3328 686 3388 crudelius
706 3331 798 3388 urbe?
