2514 3690
138 61 193 122 168
391 51 429 109 P.
464 48 657 108 VERGILI
677 47 891 106 MARONIS

140 179 337 240 ‘Germanum
357 175 478 254 fugiens.
523 179 628 254 Longa
647 187 693 237 est
712 175 828 249 iniuria,
848 177 960 255 longae

140 260 307 334 ‘Ambages
316 279 326 331 ;
353 259 405 318 sed
427 275 543 317 summa
564 277 670 334 sequar
689 256 807 334 fastigia
827 276 936 318 rerum.

140 339 239 399 ‘Huic
260 339 389 398 coniunx
409 339 558 414 Sychaeus
580 348 650 409 erat,
673 337 834 398 ditissimus
855 337 919 414 agri

140 417 346 492 ‘Phoenicum
369 427 399 477 et
419 437 527 494 magno
547 418 672 477 miserae
693 417 818 477 dilectus
839 437 951 491 amore,

140 499 215 560 ‘Cui
236 510 318 574 pater
338 499 479 557 intactam
499 497 622 557 dederat
642 496 803 574 primisque
823 497 939 574 iugarat
1087 517 1148 578 345

141 579 324 641 ‘Ominibus
367 578 426 638 Sed
446 597 536 654 regna
556 577 627 653 Tyri
647 596 802 654 germanus
822 579 958 638 habehat

140 657 339 736 ‘Pygmalion
362 659 471 718 scelere
491 668 560 716 ante
581 657 655 716 alios
675 657 824 717 inmanior
844 677 958 719 ornnes,

142 740 243 814 ‘Quos
263 738 340 798 inter
359 737 473 796 medius
494 736 576 796 venit
595 739 683 797 furor.
727 738 782 796 Ille
804 740 973 814 Sychaeum

141 817 272 895 ‘Impius
293 828 363 878 ante
383 836 447 876 aras
468 828 557 893 atque
578 815 641 875 auri
661 835 767 877 caecus
788 837 890 877 amore

141 899 244 960 ‘Clam
265 900 340 958 serro
361 897 511 956 incautum
533 906 659 972 superat,
682 916 801 956 securus
821 917 959 957 amorum
1087 917 1150 978 350

141 981 325 1039 ‘Germanae
335 999 342 1050 3
372 979 541 1052 factumque
562 976 612 1035 diu
633 976 748 1051 celavit,
772 988 803 1037 et
823 989 942 1055 aegram

143 1059 258 1117 ‘Multa
278 1059 372 1117 malus
393 1056 534 1116 simulans
554 1075 631 1115 vana
651 1075 704 1133 spe
725 1056 794 1116 lusit
813 1070 977 1118 amantem.

98 1152 106 1161 “
143 1140 230 1214 ‘Ipsa
250 1138 303 1197 sed
323 1137 355 1197 in
376 1136 488 1196 somnis
508 1135 654 1196 inhumati
673 1137 755 1197 venit
776 1137 876 1214 imago

10 3563 142 3642 A

144 1217 312 1294 ‘Coniugis
334 1237 385 1278 ora
405 1215 503 1277 modis
524 1218 663 1276 attollens
686 1217 800 1294 pallida
819 1217 901 1278 miris

144 1299 303 1358 ‘Crudeles
323 1317 388 1357 aras
409 1297 590 1372 traiectaque
611 1308 732 1374 pectora
751 1300 829 1358 ferro

145 1376 302 1447 ‘Nudavit
324 1396 505 1453 caecumque
527 1378 634 1436 domus
655 1380 750 1437 scelus
773 1398 864 1439 omne
884 1377 997 1438 retexit.

145 1463 241 1518 ‘Tum
262 1459 389 1517 celerare
409 1459 508 1532 fugam
530 1457 682 1533 patriaque
706 1459 848 1519 excedere
869 1461 983 1532 suadet,

144 1537 370 1614 ‘Auxiliumque
389 1535 455 1596 viae
474 1536 581 1596 veteris
602 1539 705 1597 tellure
726 1538 851 1599 recludit

145 1621 337 1690 ‘Thesauros
358 1617 492 1694 ignotum
512 1617 625 1692 argenti
645 1619 764 1694 pondus
785 1630 816 1679 et
836 1621 907 1681 auri.

145 1698 221 1758 ‘His
242 1709 393 1758 commota
413 1699 512 1774 fugam
534 1697 616 1757 Dido
637 1697 795 1774 sociosque
815 1702 946 1776 parabat

146 1779 360 1851 ‘Conveniunt,
382 1777 491 1853 quibus
511 1788 561 1836 aut
582 1776 684 1837 odium
705 1781 824 1839 crudele
845 1783 962 1857 tyranni

148 1864 224 1920 ‘Aut
244 1869 341 1918 metus
361 1877 428 1917 acer
448 1866 527 1934 erat;
548 1877 647 1931 naveS,
670 1878 747 1934 quae
767 1861 842 1920 forte
863 1875 994 1938 paratae,

147 1938 336 2015 ‘Corripiunt
355 1949 538 2014 onerantque
559 1943 639 1998 auro.
684 1941 841 2000 Portantur
861 1943 942 2004 avari

147 2018 361 2098 ‘Pygmalionis
383 2038 456 2094 opes
476 2020 601 2096 pelago;
629 2019 689 2078 dux
709 2019 822 2079 femina
841 2023 919 2084 facti

147 2105 319 2162 ‘Devenere
339 2101 431 2170 locos,
452 2097 504 2158 ubi
525 2118 606 2158 nunc
626 2098 758 2175 ingentia
778 2119 881 2162 cernes

147 2180 289 2243 ‘Moenia
309 2189 535 2256 surgentemque
555 2199 652 2239 novae
673 2181 865 2258 Karthaginis
886 2203 994 2260 arcem,

150 2259 353 2337 ‘Mercatique
375 2261 478 2333 solum,
500 2259 569 2319 facti
591 2261 630 2319 de
650 2258 772 2320 nomine
794 2264 924 2339 Byrsam,

149 2341 296 2403 ‘Taurino
317 2351 461 2414 qnantum
482 2350 605 2416 possent
626 2339 808 2400 circumdare
831 2355 921 2421 tergo.

149 2424 225 2484 ‘Sed
245 2440 298 2482 vos
318 2419 369 2496 qui
390 2421 511 2479 tandem
534 2419 640 2496 quibus
661 2431 713 2480 aut
733 2421 854 2482 venistis
875 2427 914 2486 ab
936 2425 1004 2499 oris,

149 2508 272 2582 ‘Quove
286 2499 392 2562 tenetis
413 2499 502 2560 iter?'
531 2500 692 2576 Quaerenti
712 2501 820 2562 talibus
841 2503 891 2564 ille

148 2580 634 2738 Sufd‘liijffiiii‘iiiiieis
642 2592 978 2742 ‘515‘3{?„{{⁰⁶,‚¹¹2,‘,„‚

152 2751 207 2808 ‘Et
227 2755 312 2806 vacet
332 2745 453 2803 annales
474 2752 642 2802 nostrorum
663 2741 763 2802 audire
785 2745 929 2818 laborum,

152 2833 249 2889 ‘Ante
271 2825 351 2885 diem
372 2825 473 2883 clauso
495 2832 656 2898 componat
676 2824 792 2899 Vesper
813 2826 951 2902 Olympo.

150 2912 232 2972 ‘Nos
252 2907 342 2967 Troia
362 2905 492 2980 antiqua,
514 2901 538 2962 si
558 2913 669 2962 vestras
689 2905 764 2964 forte
785 2923 838 2980 per
858 2925 944 2966 aures

150 2989 276 3051 ‘Troiae
296 3006 405 3048 nornen
426 2984 467 3058 iit,
489 2982 605 3042 diversa
624 3003 678 3060 per
697 3003 826 3060 aequora
846 2998 949 3046 vectos

148 3075 257 3131 ‘Forte
277 3088 331 3128 sua
351 3064 470 3140 Libyeis
491 3073 651 3137 tempestas
675 3063 789 3140 adpulit
810 3065 875 3125 oris.

152 3154 242 3210 ‘Sum
262 3147 329 3224 pins
350 3148 477 3213 Aeneas,
502 3152 603 3216 raptos
624 3142 676 3218 qui
696 3163 733 3202 ex
752 3145 839 3206 hoste
859 3149 988 3209 Penates

153 3230 273 3288 ‘Classe
293 3226 370 3284 veho
392 3239 519 3289 mecum,
541 3220 620 3278 fama
640 3241 729 3299 super
748 3227 867 3286 aethera
887 3237 984 3288 notus.

153 3305 288 3366 ‘Italiam
309 3320 419 3380 quaero
439 3297 563 3376 patriam
584 3310 614 3358 et
633 3319 727 3376 genus
746 3307 785 3364 ab
805 3308 879 3366 Iove
898 3325 1023 3371 summo.
1090 3317 1151 3393 380
