2494 3702
143 70 199 126 118
396 67 431 125 P.
463 65 654 126 VERGILI
667 63 877 124 MARONIS

143 198 266 259 Discere
290 215 380 274 quam
401 196 512 255 multae
532 195 667 271 Zephyro
686 193 839 252 turbentur
859 193 993 264 harenae,

142 281 202 338 Aut
226 276 278 338 ubi
299 274 422 352 navigiis
446 274 604 334 violentior
624 271 729 333 incidit
752 275 856 345 EuruS,

143 361 240 418 Nosse
264 368 338 433 quot
358 355 438 415 Ionii
457 355 578 415 veniant
598 355 637 413 ad
657 353 743 412 litora
764 354 877 411 fluctus.

183 439 248 497 Nec
272 456 342 496 vero
365 447 458 496 terrae
482 437 556 494 ferre
581 452 684 493 omnes
708 432 809 492 omnia
829 441 961 508 possunt.

143 517 331 578 Fluminibus
354 516 457 575 salices
478 514 642 590 crassisque
662 512 820 589 paludibus
840 511 900 571 alni

143 601 324 668 Nascuntur,
347 594 459 655 steriles
480 593 590 654 saxosis
611 593 760 652 montibus
782 589 864 664 omi,

143 677 245 737 Litora
262 675 395 753 myrtetis
416 674 594 747 laetissima,
623 672 752 748 denique
772 682 889 747 apertos

144 758 277 816 Bacchus
297 767 377 814 amat
397 755 497 826 colles,
519 752 696 828 Aquilonem
719 763 749 812 et
768 751 874 827 frigora
894 749 959 810 taxi.

144 837 253 913 Aspice
274 847 304 896 et
324 833 461 897 extremis
481 833 628 892 domitum
649 832 807 890 cultoribus
829 831 930 890 orbem

145 919 283 992 ansque
303 916 411 974 domos
432 914 563 972 Arabum
587 911 741 990 pictosque
762 911 910 970 Gelonos:

145 995 265 1054 Divisae
285 994 438 1054 arboribus
459 991 578 1068 patriae.
620 993 691 1051 Sola
712 988 798 1050 India
819 989 933 1066 nigrum

146 1077 214 1135 Fert
234 1076 391 1145 hebenum,
414 1074 483 1132 solis
505 1083 549 1132 est
570 1082 651 1130 turea
670 1070 751 1147 virga
771 1070 897 1129 Sabaeis.

146 1153 228 1229 Quid
249 1153 302 1213 tibi
323 1155 447 1213 odorato
467 1153 591 1212 referam
612 1151 751 1210 sudantia
770 1150 850 1226 ligno

146 1235 341 1309 Balsamaque
362 1244 391 1292 et
412 1234 501 1292 bacas
522 1250 638 1308 semper
658 1231 820 1290 frondentis
840 1227 979 1288 acanthi?

147 1313 229 1386 Quid
249 1331 371 1372 nemora
392 1312 572 1386 Aethiopum
594 1310 675 1370 molli
696 1309 833 1368 canentia
852 1310 927 1384 lana,
1076 1329 1134 1368 120

146 1393 322 1467 Velleraque
342 1400 376 1449 ut
395 1391 472 1450 foliis
492 1392 652 1466 depectant
672 1389 771 1450 tenuia
791 1391 891 1464 Seres3

147 1475 207 1530 Aut
228 1491 302 1547 quos
324 1472 446 1531 Oceano
466 1470 585 1547 propior
605 1469 679 1546 gerit
699 1469 786 1530 India
806 1471 896 1540 lucos,

147 1549 280 1611 Extremi
300 1549 380 1610 sinus
402 1549 488 1623 orbis,
510 1549 562 1608 ubi
582 1554 650 1609 aera
669 1548 785 1609 vincere
806 1568 954 1608 summum

151 1629 271 1689 Arboris
291 1629 371 1689 haud
392 1630 468 1689 ullae
488 1628 565 1688 iactu
586 1640 710 1706 potuere
730 1627 872 1705 sagittae?

149 1712 188 1768 Et
208 1727 280 1786 gens
300 1708 350 1767 illa
371 1708 490 1784 quidem
511 1709 635 1785 sumptis
656 1709 821 1770 non'tarda
841 1707 988 1783 pharetris.

148 1788 251 1849 Media
274 1789 329 1848 fert
353 1789 447 1847 tristes
472 1807 558 1847 sucos
580 1790 754 1864 tardumque
779 1807 914 1864 saporem

147 1867 253 1928 Felicis
276 1867 354 1941 mali,
380 1887 439 1943 quo
463 1886 525 1926 non
547 1868 727 1944 praesentius
749 1869 849 1938 ullum,

148 1949 258 2007 Pocula
280 1947 304 2006 si
326 1947 447 2022 quando
469 1965 574 2006 saevae
594 1947 721 2007 infecere
739 1967 891 2021 novercae,

148 2027 391 2102 Miscueruntque
412 2026 517 2085 herbas
538 2036 567 2085 et
587 2045 648 2086 non
668 2027 788 2087 innoxia
808 2029 905 2102 verba,

147 2106 298 2166 Auxilium
319 2105 399 2186 venit
423 2125 459 2165 ac
482 2105 621 2165 membris
645 2107 705 2182 agit
728 2118 790 2166 atra
813 2127 933 2167 venena
1075 2129 1132 2184 130

148 2188 220 2262 Ipsa
242 2186 346 2261 ingens
368 2185 455 2245 arbos
478 2185 643 2261 faciemque
665 2186 809 2246 simillima
832 2190 932 2262 lauro,

147 2268 195 2340 Et,
219 2265 243 2323 si
266 2283 328 2324 non
350 2265 440 2322 alium
463 2266 522 2324 late
546 2265 666 2325 iactaret
689 2267 820 2340 odorem,

148 2345 261 2403 Laurus
282 2353 360 2403 erat:
389 2344 459 2402 folia
481 2347 562 2404 haud
585 2345 651 2404 ullis
674 2346 804 2406 labentia
826 2345 940 2421 ventis;

148 2425 218 2481 Flos
238 2424 278 2482 ad
298 2423 392 2498 prima
413 2434 517 2496 tenax;
545 2425 657 2483 animas
680 2437 709 2485 et
733 2425 843 2486 olentia
869 2427 953 2487 Medi

148 2504 209 2563 Ora
232 2503 334 2560 fovent
355 2501 406 2560 illo
427 2513 456 2560 et
478 2502 598 2562 senibus
619 2505 803 2565 medicantur
822 2508 943 2568 anhelis.

121 2567 246 2674 l‘ssed
267 2599 364 2656 neque
386 2583 544 2640 Medorum
566 2583 654 2642 silvae
676 2585 818 2645 ditissima
838 2599 913 2646 terra

147 2662 214 2718 Nec
234 2660 356 2735 pulcher
377 2661 495 2736 Ganges
516 2673 604 2738 atque
625 2683 695 2723 auro
716 2666 850 2725 turbidus
872 2669 1002 2726 Hermus

147 2739 300 2798 Laudibus
322 2739 425 2800 ltaliae
446 2751 566 2814 certent,
588 2761 649 2801 non
671 2746 775 2803 Bactra
795 2765 893 2821 neque
914 2747 983 2808 Indi

147 2820 284 2892 Totaque
309 2819 433 2878 turiferis
459 2821 606 2881 Panchaia
627 2822 742 2899 pinguis
765 2825 889 2885 harenis.

149 2899 236 2956 Haec
260 2898 327 2957 loca
349 2918 411 2958 non
430 2900 504 2958 tauri
527 2901 670 2976 spirantes
692 2903 812 2963 naribus
833 2905 931 2982 ignem

147 2979 297 3035 Invertere
322 2977 391 3036 satis
415 2978 553 3038 immanis
578 2981 715 3041 dentibus
737 2983 830 3058 hydri,

147 3057 213 3112 Nec
236 3055 326 3129 galeis
349 3057 508 3131 densisque
532 3058 626 3118 virum
651 3081 733 3138 seges
757 3063 869 3124 horruit
892 3064 1001 3140 hastis3

146 3132 205 3190 Sed
226 3133 363 3206 gravidae
385 3135 480 3208 fruges
505 3147 535 3194 et
560 3139 670 3196 Bacchi
695 3141 839 3200 Massicus
861 3163 946 3203 umor

146 3211 329 3285 Implevere3
357 3220 459 3270 tenent
482 3215 565 3272 oleae
590 3227 779 3293 armentaque
801 3221 885 3280 laeta.

147 3286 229 3345 Hinc
253 3289 377 3347 bellator
400 3307 493 3365 equos
518 3310 624 3369 campo
649 3314 713 3355 sese
737 3299 844 3358 arduus
866 3300 970 3378 infert,·
