2442 3686
377 79 618 138 AENEIDOS
640 81 727 138 LIB.
755 81 813 137 XI.
1029 96 1085 154 377

110 208 213 284 ‘Quid
236 211 350 269 fortuna
373 212 445 269 serat
465 211 584 285 populi3
606 211 658 269 sed
680 210 777 270 dicere
800 220 937 269 mussant.
1030 227 1085 286 345

110 291 195 347 ‘Det
215 289 377 348 libertatem
398 290 487 362 sandi,
512 291 653 364 flatusque
674 291 810 362 remittat,

109 367 223 426 ‘Cuius
246 368 286 426 ob
309 367 470 442 auspicium
491 367 646 426 infaustum
669 372 823 443 moresque
846 367 1015 426 sinistros—-

109 446 238 502 ‘Dicam
262 446 406 520 equidem,
430 447 497 504 licet
518 465 598 504 arma
618 446 689 504 mihi
712 458 893 521 mortemque
914 445 1078 504 minetur-

110 523 259 582 ‘Lumina
280 535 324 582 tot
345 524 486 583 cecidisse
507 526 622 596 ducum,
647 535 797 600 totamque
820 526 953 583 videmus

109 602 309 661 ‘Consedisse
328 605 430 661 urbem
450 604 538 674 luctu,
560 605 630 662 dum
651 605 739 662 Troia
759 613 852 661 tentat
1029 621 1088 678 350

110 682 243 753 ‘Castra
264 683 350 756 fugae
368 681 471 752 fidens,
493 691 522 739 et
543 684 654 739 caelum
674 682 784 740 territat
803 681 897 739 armis.

111 761 234 817 ‘Unum
254 758 343 817 etiam
364 759 449 818 donis
468 758 538 829 istis,
560 779 636 834 quae
656 761 781 834 plurima
800 759 875 818 mitti

111 837 308 896 ‘Dardanidis
329 837 446 912 dicique
465 836 557 910 iubes,
579 857 677 908 unum,
699 838 808 913 optime
827 857 936 913 regum,

110 913 251 974 ‘Adicias
262 935 271 988 3
298 934 354 974 nec
374 927 404 974 te
424 915 510 974 ullius
530 915 668 974 violentia
687 917 792 988 vincat,

110 993 212 1066 ‘Quin
231 1004 330 1052 natam
350 993 465 1069 egregio
484 1013 592 1068 genero
612 994 764 1070 dignisque
783 994 950 1066 hymenaeis
1029 1011 1084 1070 355

111 1075 203 1143 ‘Des,
225 1083 315 1148 pater,
337 1083 366 1130 et
385 1091 488 1147 pacem
509 1073 585 1130 hanc
604 1084 722 1132 aeterno
742 1075 858 1132 foedere
878 1072 987 1146 iungas.

111 1151 222 1225 ‘Quod
242 1150 266 1209 si
286 1161 383 1209 tantus
402 1152 491 1208 habet
511 1161 624 1209 mentes
645 1162 673 1209 et
693 1163 811 1226 pectora
833 1161 930 1222 terror,

111 1231 234 1304 ‘Ipsum
255 1231 440 1300 obtestemur,
461 1229 634 1304 veniamque
654 1248 768 1288 oremus
788 1231 826 1287 ab
846 1229 910 1304 ipso
919 1249 929 1301 ;

112 1308 237 1379 ‘Cedat‚
258 1307 302 1365 ius
321 1306 469 1382 proprium
489 1307 549 1382 regi
568 1308 735 1382 patriaeque
755 1308 888 1366 remittat

114 1385 214 1457 ‘Quid
234 1385 352 1444 miseros
374 1385 459 1444 toties
479 1385 510 1443 in
531 1397 630 1458 aperta
650 1385 777 1461 pericula
797 1387 874 1444 cives
1030 1391 1086 1459 360

112 1462 254 1535 ‘Proicis,
278 1483 298 1522 o
322 1463 405 1523 Latio
426 1474 512 1539 caput
532 1465 635 1522 horum
655 1475 685 1522 et
704 1483 791 1522 causa
810 1467 973 1522 malorum?

113 1543 224 1600 ‘Nulla
243 1543 320 1600 salus
339 1544 436 1600 bello:
456 1561 560 1618 pacem
580 1553 609 1602 te
629 1542 777 1618 poscimus
796 1561 906 1614 omnes,

113 1623 239 1692 ‘Tume,
260 1621 345 1678 simul
365 1620 445 1693 pacis
466 1622 559 1679 solum
579 1619 745 1680 inviolabile
764 1621 877 1697 pignus.

115 1698 246 1756 ‘Primus
266 1717 329 1773 ego,
349 1698 474 1757 invisum
494 1718 582 1774 quem
602 1709 633 1757 tu
653 1700 706 1758 tibi
725 1701 817 1775 fingiS,
839 1711 868 1758 et
887 1718 952 1758 esse

114 1776 184 1835 ‘Nil
205 1795 309 1848 moror,
330 1796 367 1835 en
388 1779 510 1853 supplex
529 1777 623 1836 venio,
666 1778 804 1836 Miserere
824 1788 948 1848 tuorum,
1029 1779 1084 1852 365

115 1857 216 1914 ‘Pone
236 1855 357 1927 animos
379 1867 408 1914 et
427 1859 526 1931 pulsus
546 1856 602 1913 abi.
651 1858 700 1914 Sat
719 1858 819 1913 funera
838 1856 893 1914 fusi

114 1932 276 2005 ‘Vidimus
296 1933 428 2008 ingentes
448 1944 478 1993 et
496 1934 689 1993 desolavimus
709 1953 800 2009 agros.

114 2013 193 2070 ‘Aut
213 2011 237 2070 si
256 2013 334 2070 fama
352 2024 459 2084 movet,
480 2013 504 2070 si
524 2023 637 2070 tantum
657 2023 774 2088 pectore
794 2015 880 2071 robur

116 2089 282 2166 ‘Concipis
304 2100 333 2148 et
354 2091 377 2148 si
398 2092 473 2149 adeo
493 2091 598 2150 dotalis
618 2093 697 2166 regia
717 2091 798 2149 cordi
818 2101 861 2148 est
871 2111 879 2160 ;

116 2168 228 2240 ‘Aude‚
248 2179 336 2243 atque
357 2170 509 2228 adversum
529 2171 622 2228 fidens
642 2172 683 2228 fer
702 2181 804 2246 pectus
824 2170 855 2227 in
875 2170 996 2226 hostem.
1029 2183 1087 2240 370

115 2246 257 2318 ‘Scilicet,
278 2257 310 2305 ut
330 2249 430 2305 Turno
450 2247 599 2322 contingat
619 2249 698 2324 regia
718 2248 851 2320 coniunx,

116 2327 207 2395 ‘N0s,
229 2324 343 2383 animae
362 2325 442 2396 viles,
463 2327 613 2384 inhumata
632 2325 787 2401 infletaque
808 2328 900 2398 turba,

117 2406 302 2462 ‘Sternamur
321 2404 453 2478 campis?
492 2404 589 2462 Etiam
609 2415 648 2475 tu,
671 2405 694 2462 si
714 2425 773 2480 qua
792 2404 843 2463 tibi
863 2405 915 2476 vis,

116 2480 164 2540 ‘Si
184 2481 267 2556 patrii
288 2481 357 2556 quid
379 2480 481 2540 Martis
502 2483 601 2555 habes,
622 2483 702 2541 illum
723 2483 840 2558 adspice
861 2495 969 2552 contra,

118 2559 194 2632 ‘Qui
214 2561 318 2618 vocat.’
568 2577 569 2580 ’
1032 2577 1066 2634 37
1071 2577 1086 2634 5

156 2637 275 2697 Talibus
296 2637 400 2698 exarsit
420 2637 504 2696 dictis
523 2640 661 2698 violentia
680 2639 772 2698 Turni
782 2663 790 2713 ;

117 2720 177 2776 Dat
196 2715 344 2792 gemitum,
365 2717 529 2792 rumpitque
549 2719 601 2776 has
621 2719 681 2776 imo
701 2728 819 2792 pectore
839 2736 942 2775 voces:

118 2798 227 2870 ‘Larga
247 2795 374 2869 quidem,
396 2798 521 2867 Drance,
542 2815 658 2870 semper
677 2795 729 2854 tibi
749 2795 833 2870 copia
853 2794 934 2852 sandi

117 2875 219 2944 ‘Tum',
242 2891 331 2947 quum
351 2875 428 2932 bella
447 2892 550 2932 manus
570 2884 714 2949 poscunt;
733 2875 919 2949 patribusque
939 2870 1050 2930 vocatis

118 2951 247 3010 ‘Primus
267 2951 345 3010 ades.
388 2952 446 3010 Sed
466 2971 526 3010 non
546 2954 686 3028 replenda
705 2963 749 3010 est
770 2951 849 3009 curia
867 2950 970 3022 verbis,
1032 2951 1088 3026 380

118 3031 218 3102 ‘Quae
239 3039 302 3088 tuto
322 3029 376 3088 tibi
396 3048 501 3105 magna
520 3033 628 3102 volant,
650 3032 720 3089 dum
741 3029 859 3088 distinet
878 3029 990 3086 hostem

117 3111 230 3185 ‘Agger
249 3126 406 3180 murorum,
426 3127 482 3166 nec
501 3108 644 3168 inundant
665 3107 802 3184 sanguine
823 3109 924 3166 fossae.

118 3186 262 3245 ‘Proinde
281 3197 352 3245 tona
372 3187 656 3261 eloquio-solitum
676 3187 727 3246 tibi
737 3209 746 3260 3
766 3205 873 3261 meque
893 3185 1002 3246 timoris

118 3266 231 3340 ‘Argue
252 3275 292 3337 tu,
315 3267 441 3338 Drance,
463 3268 582 3340 quando
603 3276 647 3325 tot
667 3266 769 3342 stragis
789 3283 908 3325 acervos
