2442 3686
364 76 604 136 Anmarnos
627 77 713 135 rra
739 77 795 133 rm
1020 73 1078 148 389

92 208 105 236 ‘
123 202 238 276 Effuge,
261 211 290 258 et
311 201 384 258 haec
405 202 506 258 Turno
529 201 667 257 mandata
688 197 844 257 novissima
864 198 972 271 perfer:
1021 200 1076 269 825

90 285 103 312 ‘
120 281 269 338 Succedat
289 296 404 352 pugnae
425 277 628 350 Troianosque
649 287 745 334 arceat
766 277 845 334 urbe.
1017 329 1020 334 .

94 361 258 432 ‘Iamque
270 357 351 414 vale!
391 355 482 414 Simul
503 355 548 412 his
569 355 654 413 dictis
676 355 826 429 linquebat
848 354 985 423 habenas,

91 437 156 494 Ad
177 444 280 494 terram
301 452 362 492 non
384 445 489 509 sponte
510 434 611 491 fluens.
653 434 730 490 Tum
751 432 853 506 frigida
874 441 937 489 toto

93 512 250 574 Paulatim
272 512 394 571 exsolvit
415 531 447 571 se
468 530 598 586 corpore,
619 513 757 585 lentaque
778 511 854 569 colla

96 595 146 652 Et
167 602 284 666 captum
305 593 365 649 leto
388 589 485 665 posuit
506 600 602 664 caput,
624 608 703 646 arma
723 589 889 664 relinquens
898 608 907 660 ;
1020 591 1078 662 830

102 670 233 744 Vitaque
255 688 323 728 cum
344 668 454 744 gemitu
475 668 547 742 fugit
568 667 718 742 indignata
740 669 794 725 sub
814 669 939 725 umbras.

97 751 185 806 Tum
206 766 275 806 vero
296 746 444 805 inmensus
466 765 585 821 surgens
607 745 671 804 ferit
692 765 780 803 aurea
800 746 908 804 clamor

98 827 224 897 Sidera,
247 825 361 885 deiecta
381 825 525 883 crudescit
546 843 645 900 pugna
666 823 808 897 Camilla,

102 909 262 964 Incurrunt
282 903 366 962 densi
387 903 471 962 simul
492 902 588 963 omnis
609 901 695 976 copia
715 904 860 960 Teucrum

101 982 307 1071 Tyrrhenique
329 982 417 1040 duces
440 980 626 1054 Euandrique
647 981 775 1038 Arcades
796 981 866 1038 alae
1020 982 1075 1052 835

146 1063 186 1119 At
207 1060 322 1118 Triviae
340 1071 438 1118 custos
459 1057 658 1117 iamdudum
650 1078 681 1116 m
702 1058 850 1118 montibus
872 1056 944 1132 Opis

102 1142 177 1198 Alta
197 1140 279 1197 sedet
301 1138 429 1208 summis,
452 1149 563 1227 spectat
565 1157 640 1227 que·
643 1136 770 1194 interrita
790 1155 912 1211 pugnas.

105 1220 210 1292 thue
232 1219 333 1306 procul
355 1216 482 1275 medio
474 1235 611 1274 iuvenum
633 1216 664 1273 in
686 1217 812 1272 clamore
832 1217 975 1273 furentum

105 1295 261 1384 Prospexit
282 1295 355 1354 tristi
376 1296 528 1353 multatam
550 1306 644 1352 morte
666 1293 828 1365 Camillam,

105 1373 312 1464 Ingemuitque
332 1374 470 1448 deditque
492 1373 574 1431 has'
566 1392 626 1430 imo
647 1383 764 1446 pectore
785 1391 890 1431 voces:
1019 1374 1077 1442 840

148 1456 238 1511 ‘Heu
259 1451 390 1524 nimium,
413 1451 500 1527 virgo,
525 1451 647 1509 nimium
668 1451 784 1508 crudele
805 1451 884 1510 luisti

108 1530 316 1606 ‘Supplicium
338 1533 469 1589 Teucros
492 1542 599 1588 conata
619 1532 760 1588 lacessere
780 1530 878 1588 bello!

106 1612 194 1668 ‘Nec
215 1608 268 1668 tibi
289 1608 450 1668 desertae
441 1629 471 1666 ιιι
494 1609 589 1668 dumis
611 1607 735 1668 coluisse
756 1607 883 1666 Dianam

106 1686 245 1758 ‘Profuit
266 1698 316 1746 aut
339 1699 452 1746 nostras
473 1688 595 1746 humero
616 1686 738 1763 gessisse
759 1688 913 1761 pharetras.

106 1768 199 1825 ‘Non
220 1777 319 1824 tamen
340 1765 507 1825 indecorem
528 1776 578 1824 tua
598 1777 628 1825 te
649 1765 748 1838 regina
768 1765 882 1839 reliquit
1021 1768 1076 1840 845

106 1843 296 1902 ‘Extrema
288 1863 346 1901 iam
367 1843 398 1901 in
419 1855 531 1916 morte,
551 1862 647 1920 neque
671 1843 728 1901 hoc
750 1841 812 1901 sine
834 1843 952 1902 nomine
976 1845 1065 1901 letum

107 1925 185 1981 ‘Per
205 1933 307 1997 gentes
328 1922 389 1992 erit,
411 1933 461 1980 aut
484 1924 591 1980 famam
615 1919 731 1996 patieris
752 1920 869 1978 inultae.

107 2002 206 2058 ‘Nam
230 2001 404 2090 quicumque
427 2011 509 2059 tuum
532 2000 650 2059 violavit
672 2000 790 2058 volnere
813 2017 925 2073 corpus,

107 2081 227 2137 ‘Morte
249 2080 310 2136 luet
331 2078 451 2136 merita’
490 2078 588 2137 Fuit
580 2097 681 2154 mgens
705 2087 805 2136 monte
826 2078 880 2134 sub
903 2079 962 2135 alto

107 2157 199 2232 Regis
221 2157 368 2216 Dercenni
391 2168 504 2216 terreno
526 2177 562 2216 ex
583 2175 686 2232 aggere
709 2157 827 2214 bustum
1023 2157 1080 2228 850

106 2235 230 2309 Antiqui
251 2234 409 2306 Laurentia,
434 2254 583 2310 opacaque
606 2236 672 2293 ilice
693 2245 821 2305 tectum,

107 2313 170 2371 Hic
191 2315 248 2372 dea
268 2332 300 2372 se
320 2313 445 2388 primum
467 2314 569 2388 rapido
591 2312 784 2388 pulcherrima
804 2311 870 2371 nisu

106 2391 196 2463 Sistit,
219 2402 248 2451 et
270 2393 424 2450 Arruntem
446 2393 558 2452 tumulo
579 2395 743 2468 speculatur
765 2393 802 2450 ab
823 2392 890 2450 alto.

107 2471 153 2529 Ut
175 2469 250 2548 vidit
270 2472 427 2545 fulgentem
448 2469 542 2542 armis,
566 2489 601 2528 ac
621 2490 695 2528 vana
718 2480 889 2540 tumentem,

109 2550 205 2620 ‘Cur,'
226 2549 328 2622 inquit,
354 2549 500 2608 ‘diversus
523 2549 608 2608 abis?
629 2551 686 2607 huc
708 2548 798 2624 dirige
821 2568 969 2623 gressum3
1023 2551 1079 2622 855

109 2629 200 2684 ‘Huc
220 2628 344 2702 periture
365 2629 449 2686 veni:
471 2627 568 2702 capias
591 2638 625 2685 ut
647 2629 735 2702 digna
757 2627 898 2686 Camillae

108 2705 267 2764 ‘Praemia
310 2709 396 2764 Tune
418 2707 505 2765 etiam
530 2707 595 2764 telis
618 2706 740 2764 moriere
762 2705 908 2762 Dianae?’

108 2783 197 2856 Dixit,
223 2794 252 2842 et
275 2796 375 2842 aurata
396 2785 544 2843 volucrem
567 2785 702 2842 Threissa
724 2782 857 2856 sagittam

107 2863 276 2938 Depromsit
299 2864 440 2938 pharetra,
465 2881 613 2938 cornuque
636 2861 750 2920 infensa
773 2860 905 2933 tetendit,

108 2942 146 2998 Et
169 2941 253 3000 duxit
272 2943 367 3016 longe,
391 2940 488 2999 donec
510 2951 627 3000 curvata
650 2940 761 2999 coirent
1023 2937 1080 2991 860

108 3021 189 3078 Inter
209 3039 241 3078 se
264 3020 369 3094 capita,
394 3030 423 3077 et
446 3019 581 3079 manibus
602 3019 663 3094 jam
685 3027 815 3094 tangeret
835 3016 944 3093 aequis,

107 3101 204 3156 Laeva
224 3097 318 3156 aciem
340 3097 412 3168 ferri,
435 3099 535 3156 dextra
555 3116 704 3171 nervoque
725 3097 871 3172 papillam.

108 3173 263 3250 Extemplo
285 3175 334 3234 teli
359 3175 510 3233 stridorem
533 3193 674 3250 aurasque
698 3185 833 3232 sonantes

107 3253 208 3314 Audiit
228 3273 287 3311 una
308 3255 427 3319 Arruns,
451 3251 602 3326 haesitque
625 3251 656 3310 in
679 3271 801 3328 corpore
822 3254 934 3311 ferrum.
