2494 3702
131 54 170 108 80
379 45 415 105 P.
453 46 642 105 VERGILI
664 49 876 110 MARONIS

129 197 198 257 Sole
218 200 273 257 sub
287 196 407 258 ‘ardenti
427 211 565 259 resonant
586 203 705 260 arbusta
724 201 843 262 cicadis.

131 279 241 337 Nonne
261 277 316 336 suit
337 278 435 345 satius,
457 280 552 338 tristes
573 280 790 357 Amaryllidis
782 301 839 340 nas

130 359 229 434 Atque
249 359 377 433 superba
386 357 458 449 ’pati
478 358 616 418 fastidia?
642 379 743 419 nonne
765 362 932 438 Menalcan,

130 436 273 510 Quamvis
293 436 342 496 ille
363 437 452 514 niger,
475 438 608 513 quamvis
628 449 660 498 tu
681 439 827 500 candidus
848 446 951 502 esses?
1046 475 1051 490 x

130 517 158 576 Ο
180 519 306 577 formose
327 536 407 593 puer,
431 517 555 576 nimium
576 538 614 578 ne
635 520 723 579 crede
744 521 856 595 colori;

106 589 206 655 lhlba
226 596 346 673 ligustra
366 596 486 669 cadunt,
509 598 641 689 vaccinia
662 600 745 675 nigra
764 568 907 690 leguntur.
932 593 968 645 Ψ

130 678 298 752 Despectus
320 677 374 736 tibi
395 696 470 749 sum,
492 697 549 737 nec
569 678 621 753 qui
641 680 697 738 sim
718 679 843 754 quaeris,
865 680 960 754 Alexi,

129 758 228 831 Quam
248 757 330 817 dives
351 757 474 832 pecoris,
497 757 574 817 nivei
596 777 684 833 quam
706 759 789 819 lactis
809 761 982 820 abundans.
1087 785 1130 824 20

130 837 213 897 Mille
234 856 319 897 meae
339 836 444 897 Siculis
464 850 561 897 errant
581 838 612 897 in
633 840 783 898 montibus
803 859 913 915 agnae;

129 918 191 976 Lac
211 917 282 975 mihi
304 936 365 975 non
385 929 496 978 aestate
517 937 635 990 novum,
659 938 720 978 non
741 919 846 996 frigore
867 921 948 980 defit

128 998 235 1066 Canto,
258 996 464 1073 quaesolitus‚
487 965 654 1074 siquando
674 1011 807 1059 armenta
826 1003 960 1074 vocabat
1025 1047 1038 1066 2

98 1077 280 1154 “Amphion
302 1077 473 1137 Dircaeus
465 1097 495 1136 m
516 1081 630 1138 Actaeo
651 1081 832 1171 Aracyntho
895 1098 964 1151 r)

129 1159 194 1216 Nec
214 1177 277 1216 sum
299 1158 375 1217 adeo
397 1157 548 1217 informis:
576 1178 671 1234 nuper
691 1178 739 1218 me
760 1159 791 1218 in
812 1159 897 1219 litore
916 1158 984 1232 vidi,
1084 1180 1123 1239 ²5

128 1238 205 1297 Cum
226 1238 376 1314 placidum
397 1237 491 1297 ventis
512 1249 601 1298 staret
621 1259 723 1312 mare;
748 1259 810 1298 non
831 1259 887 1316 ego
909 1240 1060 1316 Daphnim

128 1316 232 1377 Iudice
251 1329 281 1378 te
301 1328 441 1389 metuam,
463 1317 488 1377 si
508 1338 660 1394 nunquam
681 1319 753 1379 fallit
772 1319 882 1396 imago.

128 1400 156 1459 Ο
177 1409 292 1456 tantum
312 1399 403 1458 libeat
424 1418 540 1460 mecum
562 1399 616 1460 tibi
636 1398 756 1459 sordida
775 1419 841 1458 rura

128 1481 226 1553 Atque
247 1478 371 1537 humiles
392 1479 523 1538 habitare
545 1498 637 1551 casas,
660 1491 690 1538 et
712 1481 799 1555 figere
820 1499 931 1553 cervos,

129 1559 363 1634 Haedorumque
383 1578 501 1636 gregem
522 1559 607 1618 viridi
628 1561 805 1636 compellere
826 1559 959 1621 hibiscol
1082 1581 1122 1636 30

129 1641 250 1698 Mecum
271 1659 330 1698 una
350 1637 382 1696 in
402 1639 482 1698 silvis
503 1639 654 1698 imitabere
677 1643 757 1698 Pana
778 1640 922 1700 canendo.

129 1721 191 1776 Pan
212 1719 337 1795 primum
359 1721 488 1778 calamos
509 1739 576 1778 cera
596 1718 775 1796 coniungere
796 1721 893 1796 plures

130 1798 267 1873 Instituit,
289 1801 352 1858 Pan
375 1812 457 1858 curat
477 1818 548 1859 oves
569 1799 728 1889 oviumque
749 1799 912 1875 magistros

128 1881 195 1938 Nec
215 1891 244 1939 te
265 1880 353 1955 paeni
356 1891 416 1938 teat
436 1882 551 1939 calamo
573 1879 686 1938 trivisse
706 1880 863 1938 labellum.

128 1961 215 2018 Haec
235 1960 341 2018 eadem
362 1971 394 2018 ut
415 1958 509 2031 sciret,
532 1958 604 2035 quid
626 1977 687 2018 non
707 1959 835 2019 faciebat
856 1961 1022 2035 Amyntas?
1078 1977 1115 2036 35

128 2041 182 2098 Est
203 2039 275 2099 mihi
294 2039 460 2116 disparibus
481 2050 596 2114 septem
617 2051 773 2114 compacta
794 2038 897 2098 cicutis
955 2041 1019 2101 .l

128 2119 246 2192 Fistula,
270 2121 433 2180 Damoetas
453 2121 535 2180 dono
555 2118 627 2177 mihi
647 2138 737 2194 quarn
758 2118 840 2178 dedit
860 2119 931 2178 olim
981 2127 1031 2227 ἰγ
1052 2145 1099 2204 ,a

128 2201 168 2258 Et
187 2200 259 2260 dixit
279 2200 425 2263 moriens:
457 2202 519 2259 ‘Te
538 2219 618 2258 nunc
639 2198 757 2258 habet
750 2211 805 2258 rsta
826 2189 1031 2259 secundum.

128 2278 211 2338 Dixit
232 2281 401 2353 Damoetas,
422 2279 528 2340 invidit
548 2281 653 2339 stultus
674 2282 825 2355 Amyntas.

128 2362 281 2419 Praeterea
302 2361 363 2419 duo
384 2380 441 2420 nec
460 2372 524 2419 tuta
544 2359 616 2418 mihi
636 2360 711 2418 valle
731 2357 838 2434 reperti

24 2453 26 2460 '
57 2434 74 2461 '¹
97 2446 114 2462 ⁸
128 2439 275 2514 Capreoli
296 2439 401 2532 sparsis
423 2441 512 2499 etiam
533 2459 614 2498 nunc
633 2438 758 2514 pellibus
779 2441 868 2513 albo;

128 2508 204 2583 Bina
222 2519 272 2579 die
292 2521 404 2578 siccant
425 2520 488 2579 ovis
508 2520 616 2582 ubera.
644 2537 720 2595 quos
741 2517 794 2578 tibi
815 2537 906 2578 servo.

128 2600 328 2675 Iampridem
348 2619 366 2657 a
387 2619 434 2659 me
454 2599 520 2658 illos
541 2599 687 2658 abducere
707 2597 854 2674 Thestylis
875 2609 955 2672 orat,

127 2681 166 2739 Et
186 2678 280 2751 faciet,
303 2679 443 2755 quoniam
465 2681 584 2739 sordent
604 2679 658 2738 tibi
678 2697 800 2738 munera
819 2689 928 2736 nostra.

128 2762 198 2818 Huc
219 2761 298 2830 ades
321 2779 339 2818 0
360 2761 488 2820 formose
508 2779 595 2835 puer:
625 2756 678 2818 tibi
698 2757 759 2816 lilia
780 2757 874 2834 plenis

128 2843 206 2898 Ecce
226 2839 321 2899 serunt
342 2842 498 2916 Nymphae
519 2837 661 2911 calathis,
689 2837 741 2896 tibi
762 2837 890 2896 candida
911 2834 994 2908 Nais,

127 2922 274 2979 Pallentes
294 2918 385 2979 violas
406 2931 437 2979 et
457 2939 572 2978 summa
592 2936 738 2993 papavera
758 2936 893 2993 carpens,
1062 2913 1163 2998 §.ga

127 2999 298 3059 Narcissum
320 3010 349 3058 et
369 3001 471 3058 florem
491 2997 584 3073 iungit
605 2998 681 3057 bene
702 2996 807 3056 olentis
828 2994 960 3069 anethi,

127 3081 206 3137 Tum
227 3098 306 3139 casra
326 3089 415 3152 atque
435 3078 498 3136 aliis
519 3077 654 3135 intexens
676 3075 814 3155 suavibus
834 3075 932 3160 herbis

84 3155 233 3217 ‘Mollia
253 3159 367 3216 luteola
346 3156 476 3231 paingit
496 3154 628 3214 vaccinia
648 3156 736 3230 calta.
795 3174 799 3185 ·
878 3177 885 3187 ¹
1078 3174 1113 3232 50

87 3236 197 3312 Ipse
219 3255 273 3311 ego
294 3250 369 3297 cana
388 3237 483 3309 legam
504 3243 605 3292 tenera
625 3233 763 3308 lanugine
783 3234 884 3291 mala'

128 3319 348 3390 Castaneasque
368 3332 467 3385 nuces,
490 3331 556 3370 mea
577 3330 650 3386 quas
671 3311 826 3388 Amaryllis
846 3312 985 3388 amabat,
