2460 3686
381 63 626 122 AENEIDOS
649 62 736 124 LIB.
774 63 804 122 V.

90 197 183 254 ‘Non
202 191 279 252 vires
299 191 371 252 alias
390 211 592 268 conversaque
612 190 736 250 numina
756 191 870 251 sentis?

90 275 193 335 ‘Cede
214 273 290 333 deo’
332 272 474 349 Dixitque
494 283 533 346 et,
554 271 668 349 proelia
687 290 762 332 voce
782 271 907 332 diremit

84 356 144 414 Ast
165 353 247 412 illurn
267 352 320 413 fidi
339 355 485 430 aequales,
508 372 606 430 genua
625 371 713 429 aegra
733 354 907 425 trahentem,

88 437 315 510 laetantemque
335 445 461 510 utroque
482 444 580 510 caput,
602 452 795 510 crassumque
815 453 947 493 cruorem

87 517 151 575 Ore
173 514 350 574 eiectantem
371 515 536 590 mixtosque
555 513 586 572 in
607 513 749 589 sanguine
771 515 884 583 dentes,
1031 531 1090 588 470

86 597 215 654 Ducunt
235 595 275 654 ad
295 613 403 668 naves;
430 595 605 670 galeamque
626 613 788 670 ensemque
808 593 905 654 vocati

86 675 270 751 Accipiunt:
297 676 426 751 palmam
448 677 568 734 Entello
588 684 763 750 taurumque
783 675 959 751 relinquunt

87 755 155 814 Hic
175 754 277 827 victor,
299 773 441 830 superans
462 754 569 812 animis
589 765 733 830 tauroque
755 755 915 830 superbus:

86 838 192 894 ‘Nate
213 835 278 907 dea,
299 854 412 910 vosque
432 836 524 905 haec,'
545 833 649 908 inquit,
674 834 863 911 ‘cognoscite
884 834 999 904 Teucri,

87 918 148 974 ‘Et
170 913 243 974 mihi
264 934 340 991 quae
360 913 468 974 fuerint
488 913 616 974 iuvenali
636 915 668 973 in
688 934 813 990 corpore
833 914 918 988 vires,
1030 933 1087 992 475

89 999 151 1054 ‘Et
172 1015 231 1072 qua
252 994 372 1054 servetis
392 1007 563 1055 revocatum
584 1014 602 1054 a
623 1007 718 1054 morte
741 997 869 1055 Dareta’

86 1075 184 1148 Dixit,
207 1087 237 1136 et
256 1075 371 1134 adversi
392 1087 496 1136 contra
516 1075 596 1135 stetit
617 1095 669 1134 ora
688 1074 813 1147 iuvenci,

86 1156 152 1230 Qui
173 1158 286 1216 donum
307 1156 444 1216 adstabat
464 1175 599 1233 pugnae;
626 1157 775 1231 durosque
795 1156 917 1216 reducta

86 1236 223 1296 Libravit
244 1237 345 1295 dextra
365 1235 465 1296 media
485 1236 561 1296 inter
581 1255 693 1295 cornua
712 1247 829 1296 caestus

85 1318 217 1388 Arduus,-
239 1317 420 1392 effractoque
440 1316 530 1376 inlisit
551 1316 581 1375 in
603 1335 670 1376 ossa
690 1317 819 1376 cerebro.
1030 1320 1089 1390 480

86 1397 235 1458 Sternitur
254 1396 455 1472 exanimisque
475 1407 604 1457 tremens
625 1397 794 1473 procumbit
815 1397 898 1456 humi
919 1399 981 1458 bos.

87 1480 147 1558 Ille
167 1497 256 1554 super
276 1479 349 1536 tales
373 1477 499 1536 effundit
519 1489 640 1555 pectore
660 1496 767 1537 voces:

88 1559 203 1617 ‘Hanc
223 1557 285 1631 tibi,
308 1559 395 1635 Eryx,
418 1556 569 1618 meliorem
590 1557 720 1617 animam
739 1577 794 1635 pro
814 1569 909 1618 morte
930 1560 1048 1618 Daretis

88 1640 269 1699 ‘Persolvo:
296 1638 346 1696 hic
365 1637 460 1698 victor
479 1649 595 1698 caestus
615 1649 767 1712 artemque
788 1641 921 1714 repono!

129 1718 268 1778 Protinus
288 1721 406 1778 Aeneas
427 1718 515 1778 celeri
535 1729 647 1778 certare
668 1718 773 1796 sagitta
1029 1721 1085 1795 485

86 1798 211 1871 Invitat,
233 1797 283 1875 qui
304 1801 378 1858 forte
399 1798 500 1871 velint,
523 1809 552 1858 et
573 1799 703 1874 praemia
724 1799 814 1873 dicit;

86 1879 269 1955 Ingentique
290 1898 381 1938 manu
401 1881 512 1938 malum
534 1880 572 1938 de
592 1899 668 1938 nave
689 1879 795 1939 Seresti

86 1959 193 2036 Erigit,
216 1971 246 2019 et
265 1961 416 2019 volucrem
439 1959 563 2020 traiecto
582 1959 614 2018 in
634 1963 705 2018 lune
726 1961 905 2032 columbam,

86 2041 160 2115 Quo
181 2041 306 2099 tendant
327 2041 442 2111 ferrum,
465 2041 543 2098 malo
564 2039 718 2116 suspendit
738 2039 776 2098 ab
797 2041 864 2098 alto.

85 2123 267 2182 Convenere
287 2119 349 2192 viri,
371 2120 578 2196 deiectamque
598 2139 684 2179 aerea
704 2130 813 2178 sortem
1028 2141 1087 2198 490

85 2200 219 2276 Accepit
239 2202 342 2276 galea;
370 2210 400 2260 et
420 2199 530 2276 primus
551 2202 681 2259 clamore
701 2200 834 2259 secundo

86 2280 275 2357 Hyrtacidae
296 2291 366 2340 ante
386 2299 491 2339 omnes
512 2279 571 2340 exit
591 2282 674 2340 locus
695 2279 938 2356 Hippocoontis3

86 2362 191 2436 Quem
212 2361 303 2421 modo
324 2361 420 2419 navali
443 2361 617 2420 Mnestheus
638 2361 798 2420 certamine
818 2359 911 2421 victor

85 2440 298 2517 Consequitur,
320 2439 405 2499 viridi
427 2443 602 2500 Mnestheus
623 2440 756 2501 evinctus
778 2440 873 2502 oliva:

85 2519 208 2580 Tertius
230 2519 382 2597 Eurytion,
404 2531 480 2593 tuus,
503 2539 522 2581 o
542 2520 709 2594 clarissime,
731 2523 826 2595 frater,
1028 2541 1085 2599 495

88 2601 234 2673 Pandare,
257 2600 309 2677 qui
329 2601 491 2677 quondam,
513 2601 608 2660 iussus
630 2603 811 2662 confundere
831 2603 945 2676 foedus,

88 2683 129 2741 In
151 2681 265 2740 medios
284 2682 377 2741 telum
399 2681 506 2741 torsisti
526 2682 638 2758 primus
658 2681 796 2741 Achivos.

87 2763 249 2821 Extremus
268 2762 413 2838 galeaque
432 2761 493 2820 ima
513 2762 646 2822 subsedit
666 2765 799 2835 Acestes

88 2845 188 2900 Ausus
209 2851 238 2900 et
258 2841 324 2918 ipse
343 2861 435 2900 manu
454 2841 594 2902 iuvenum
615 2852 760 2917 temptare
779 2841 919 2901 laborem.

88 2923 170 2981 Turn
191 2920 296 2980 validis
317 2921 409 2981 flexos
430 2921 583 2982 incurvant
603 2920 711 2980 viribus
732 2940 817 2980 arcus
1027 2943 1087 3002 500

89 3004 148 3061 Pro
169 3019 201 3060 se
222 3000 346 3078 quisque
365 3001 427 3075 viri,
450 3012 480 3062 et
500 3003 679 3079 depromunt
699 3003 759 3061 tela
778 3001 929 3078 pharetris.

91 3081 250 3155 Primaque
270 3101 322 3159 per
342 3083 456 3141 caelum
477 3101 569 3142 nervo
589 3081 731 3141 stn'dente
752 3081 857 3158 sagitta

92 3161 274 3240 Hyrtacidae
294 3161 407 3222 iuvenis
427 3164 560 3223 volucres
581 3161 747 3222 diverberat
767 3181 853 3222 auras
862 3181 873 3234 ς

92 3245 131 3302 Et
151 3241 241 3314 venit,
263 3241 435 3318 adversique
455 3241 584 3319 infigitur
604 3244 709 3302 arbore
729 3242 807 3302 mali.

93 3321 249 3382 Intremuit
269 3323 373 3396 malus,
394 3322 551 3399 timuitque
572 3322 710 3386 exterrita
729 3321 836 3399 pennis
1031 3341 1087 3401 505
