2442 3686
384 126 626 186 AENEJDOS
650 125 735 184 ΜΒ.
764 125 803 181 X.
1034 123 1088 195 361

113 250 314 322 Avolsamque
334 250 408 324 rapit
427 252 557 309 revoluta
576 269 628 326 per
647 271 773 326 aequora
792 269 904 310 navem.
1032 254 1088 307 660

113 327 205 386 Illum
224 337 322 386 autem
340 336 456 386 Aeneas
475 331 625 387 absentem
646 330 676 387 in
695 328 803 404 proelia
823 329 936 403 poscit3

115 405 215 466 Obvia
233 406 324 463 multa
342 406 435 464 virum
456 406 581 464 demittit
601 426 721 482 corpora
740 407 832 466 morti.

112 486 194 542 Tum
213 483 284 541 levis
304 484 383 542 haud
402 486 476 541 ultra
496 486 619 542 latebras
641 485 699 544 iam
720 485 829 559 quaerit
849 483 963 560 imago,

114 561 174 624 Sed
195 561 317 620 sublime
336 563 437 619 volans
457 562 528 620 nubi
549 581 580 620 se
601 563 745 622 inmiscuit
765 575 860 621 atrae:

116 641 194 698 Cum
214 640 343 696 Turnum
363 639 461 698 medio
481 639 590 698 interea
610 642 662 698 fert
682 659 807 716 aequore
828 641 919 698 turbo.
1031 642 1086 715 665

114 715 248 790 Respicit
267 716 382 790 ignarus
401 735 494 774 rerum
514 717 698 792 ingratusque
718 719 825 788 salutis,

114 797 155 853 Et
175 793 304 868 duplices
324 814 390 852 cum
411 813 484 854 voce
503 814 606 853 manus
626 797 663 854 ad
684 797 778 854 sidera
798 795 909 854 tendit:

114 872 331 946 ‘Omnipotens
351 873 470 947 genitor,
492 873 603 931 tanton’
623 893 670 932 me
690 875 808 932 crimine
829 874 947 949 dignum

91 949 259 1017 .‘Duxisti‚
281 960 310 1008 et
329 953 401 1008 tales
420 950 536 1009 voluisti
556 953 719 1024 expendere
739 954 871 1027 poenas?

115 1029 204 1100 ‘Quo
224 1030 319 1086 feror?
336 1029 423 1088 unde
444 1029 524 1086 abii?
550 1047 624 1102 quae
644 1048 692 1086 me
712 1031 787 1103 fuga,
807 1048 929 1106 quemve
950 1029 1088 1088 reducet?

114 1109 334 1164 ‘Laurentesne
353 1105 455 1164 iterum
475 1125 572 1164 muros
592 1117 641 1164 aut
661 1119 753 1165 eastra
773 1108 902 1166 videbo?
1030 1110 1084 1180 671

113 1183 215 1255 ‘Quid
235 1202 337 1241 manus
358 1183 406 1243 illa
424 1185 524 1254 virum,
546 1183 597 1258 qui
616 1203 664 1243 me
684 1203 806 1260 meaque
826 1204 905 1242 arma
925 1184 1036 1243 secuti?

113 1263 257 1334 ‘Quosne
276 1261 383 1339 (nefas)
403 1281 505 1320 omnes
524 1261 642 1320 infanda
661 1273 754 1321 morte
773 1263 883 1337 reliqui,

113 1340 173 1397 ‘Et
193 1358 272 1396 nunc
291 1340 421 1414 palantes
440 1340 536 1410 video,
556 1343 752 1415 gemitumque
773 1343 928 1399 cadentum

114 1416 279 1492 ‘Accipio?
320 1414 398 1490 Quid
418 1422 495 1492 ago?
521 1429 571 1476 aut
591 1437 666 1492 quae
686 1418 743 1476 iam
764 1419 832 1478 satis
852 1419 910 1476 ima
930 1419 1059 1477 dehiscat

113 1497 224 1552 ‘Terra
247 1495 339 1554 mihi?
377 1498 439 1554 Vos
463 1514 481 1554 o
505 1495 601 1570 potius
625 1496 807 1570 miserescite,
830 1497 927 1556 venti!
1029 1499 1085 1568 676

114 1575 172 1630 ‘In
195 1591 289 1648 rupes,
312 1573 342 1631 in
366 1592 434 1632 saxa
457 1573 571 1650 (volens
592 1593 643 1632 vos
667 1578 781 1634 Tumus
805 1575 907 1653 adoro)

112 1653 218 1709 ‘Ferte
242 1663 343 1723 ratem,
368 1650 517 1726 saevisque
540 1652 621 1710 vadis
643 1653 776 1714 inmittite
800 1654 896 1729 Syrtis,

113 1729 203 1801 ‘Quo
225 1748 320 1805 neque
342 1749 389 1788 me
411 1729 520 1799 Rutuli,
542 1748 598 1787 nec
619 1731 734 1788 conscia
756 1734 833 1789 fama
857 1730 1008 1805 sequatur?

113 1807 202 1865 Haec
218 1825 391 1877 memorans,
406 1807 504 1866 animo
521 1827 599 1865 nunc
618 1808 683 1877 huc,
701 1828 779 1866 nunc
796 1811 915 1868 fluctuat
931 1808 1007 1879 illuc,
1029 1811 1086 1864 680

112 1887 163 1942 An
185 1903 248 1944 sese
269 1904 407 1943 mucrone
430 1887 469 1944 ob
490 1895 603 1943 tantum
627 1887 753 1944 dedecus
776 1905 875 1944 amens

113 1963 230 2034 Induat,
253 1973 283 2022 et
307 1964 427 2021 crudum
449 1981 501 2038 per
523 1974 617 2021 costas
641 1965 735 2038 exigat
756 1983 852 2022 ensem
863 1984 873 2035 3

113 2041 262 2100 Fluctibus
283 2059 321 2098 an
343 2041 428 2099 iaciat
448 2041 559 2112 mediis,
584 2053 613 2100 et
634 2042 717 2100 litora
738 2042 837 2099 nando

113 2120 209 2179 Curva
230 2129 319 2194 petat,
342 2121 544 2193 Teucrumque
566 2119 667 2178 iterum
692 2138 723 2177 se
744 2119 845 2178 reddat
866 2117 896 2176 in
919 2137 1005 2176 arma

112 2199 172 2255 Ter
191 2209 313 2255 conatus
334 2209 484 2272 utramque
506 2197 598 2256 viam:
626 2208 669 2255 ter
689 2197 814 2254 maxima
835 2200 910 2256 iuno
1028 2197 1083 2270 685

114 2274 275 2347 Continuit,
299 2273 489 2349 iuvenemque
512 2273 600 2332 animi
622 2275 755 2334 miserata
777 2275 917 2350 repressit.

112 2352 234 2412 Labitur
255 2354 314 2411 alta
338 2371 439 2411 secans
462 2354 608 2427 fluctuque
632 2364 769 2428 aestuque
791 2354 938 2424 secundo;

112 2432 152 2488 Et
175 2429 263 2505 patris
284 2431 432 2505 antiquam
455 2430 552 2488 Dauni
576 2432 700 2488 defertur
720 2432 759 2489 ad
779 2433 888 2490 urbem.

151 2510 193 2567 At
216 2507 294 2568 Iovis
315 2508 424 2567 interea
444 2507 561 2567 monitis
585 2509 748 2567 Mezentius
768 2511 872 2568 ardens

111 2584 248 2645 Succedit
268 2605 391 2660 pugnae,
414 2588 599 2660 Teucrosque
622 2586 731 2645 invadit
754 2599 881 2646 ovantes.
1028 2589 1085 2658 690

112 2665 296 2724 Concurrunt
317 2665 482 2739 Tyrrhenae
506 2663 591 2735 acies,
613 2675 700 2737 atque
722 2665 855 2722 omnibus
879 2663 937 2733 uni,
995 2723 998 2730 ,

112 2742 175 2800 Uni
199 2741 331 2816 odiisque
353 2743 415 2800 viro
438 2742 560 2815 telisque
583 2741 779 2814 frequentibus
802 2741 917 2799 instant

111 2821 175 2890 Ille,
200 2821 278 2878 velut
300 2815 394 2895 rup'es,
418 2831 531 2878 vastum
555 2838 629 2893 quae
650 2819 747 2893 prodit
769 2818 800 2875 in
821 2837 937 2893 aequor,

112 2896 209 2959 Obvia
231 2911 383 2956 ventorum
406 2898 493 2968 firriis,
518 2907 695 2972 expostaque
716 2907 816 2970 pont0,
897 2969 898 2972 Ἴ

110 2973 181 3033 Vim
199 2986 333 3033 cunctam
351 2986 439 3050 atque
459 2977 550 3032 minas
569 2976 674 3049 perfert
693 2974 823 3050 caelique
843 2972 995 3047 marisque,
1027 2976 1082 3049 695

111 3055 182 3127 Ipsa
202 3052 313 3112 inmota
335 3070 473 3111 maneus:
500 3054 611 3127 prolem
635 3051 824 3111 Dolichaonis
847 3054 980 3111 Hebrum

111 3131 217 3191 Sternit
238 3130 327 3202 humi,
349 3150 416 3188 cum
437 3149 497 3204 quo
518 3134 668 3204 Latagum,
693 3132 881 3204 Palmumque
903 3131 1051 3204 fugacem:

111 3210 170 3268 Sed
192 3211 333 3283 Latagum
357 3227 426 3266 saxo
450 3218 536 3282 atque
559 3208 670 3282 ingenti
690 3207 828 3282 fragmine
851 3209 958 3266 montis

112 3287 246 3362 Occupat
269 3305 303 3345 os
324 3285 485 3363 faciemque
506 3287 673 3360 adversam;
700 3285 810 3363 poplite
833 3287 963 3347 Palmum
