2442 3686
382 94 622 154 AENEIDOS
645 93 730 150 ΗΒ.
760 93 817 162 XI.
1033 105 1089 163 373

111 223 208 281 More
228 223 317 280 tulere
337 231 469 297 patrum;
490 219 685 295 subiectisque
705 219 819 296 ignibus
839 219 906 277 atris

113 299 266 360 Conditur
285 300 315 358 in
335 303 469 359 tenebras
488 303 578 358 altum
598 300 720 373 caligine
740 300 862 357 caelum.

112 381 181 436 Ter
200 379 307 436 circum
327 397 474 450 accensos,
496 379 583 436 cincti
604 377 779 452 fulgentibus
799 374 893 446 armis,
941 375 944 380 ‘

116 459 281 515 Decurrere
300 475 387 532 rogos
396 476 405 528 ;
426 467 470 514 ter
488 467 630 514 maestum
650 456 758 514 funeris
778 455 875 529 ignem

117 537 292 593 Lustravere
310 535 341 592 in
361 534 452 609 equis,
473 535 656 609 ululatusque
676 552 726 592 ore
747 534 861 592 dedere.

120 612 270 687 Spargitur
289 623 317 671 et
338 614 424 670 tellus
443 611 574 683 lacrimis,
597 621 768 686 sparguntur
786 620 816 669 et
835 629 921 667 arma.

120 693 152 748 It
172 692 254 748 caelo
274 692 441 765 clamorque
461 690 552 747 virum
572 691 746 763 clangorque
766 690 906 747 tubarum.

121 768 206 825 Hinc
225 767 274 826 alii
294 769 387 843 spolia
407 767 508 834 occisis
529 769 649 842 derepta
668 766 779 825 Latinis

121 845 293 905 Coniiciunt
311 845 379 920 igni,
400 848 506 920 galeas,
527 865 668 920 ensesque
688 847 818 916 decoros,

120 927 282 998 Frenaque,
302 926 502 998 ferventesque
521 935 598 981 rotas
608 944 616 994 ;
635 942 701 998 pars
721 942 842 982 munera
861 933 939 994 nota,

120 1005 261 1076 Ipsorum
281 1001 390 1076 clipeos
410 1013 439 1060 et
459 1021 519 1060 non
539 1002 633 1060 felicia
652 1004 717 1060 tela

120 1083 220 1138 Multa
239 1083 328 1139 boum
348 1081 424 1138 circa
443 1091 604 1138 mactantur
624 1080 753 1155 corpora'
765 1078 855 1138 Morti
865 1099 873 1150 ;

118 1161 340 1234 Saetigerosque
360 1177 425 1216 sues
444 1168 596 1234 raptasque
616 1177 653 1216 ex
672 1158 806 1216 omnibus
824 1158 898 1232 agris

119 1238 158 1295 In
181 1238 327 1294 flammam
346 1237 475 1310 iugulant
494 1239 628 1311 pecudes.
675 1239 752 1294 Tum
771 1236 854 1294 litore
874 1245 937 1294 toto

120 1317 268 1374 Ardentes
290 1325 422 1389 spectant
442 1317 544 1385 socios,
565 1314 759 1390 semiustaque
779 1324 892 1372 servant
1036 1330 1091 1366 200

120 1397 225 1467 Busta;
244 1411 340 1468 neque
361 1392 445 1451 avelli
464 1404 594 1468 possunt,
615 1412 675 1451 nox
694 1392 814 1450 humida
834 1393 929 1467 donec

121 1471 245 1531 Invertit
265 1472 378 1530 caelum
398 1471 487 1530 stellis
507 1471 681 1546 fulgentibus
700 1481 808 1547 aptum.

162 1553 191 1608 N
194 1569 228 1608 ec
247 1549 341 1607 minus
362 1559 391 1608 et
411 1548 506 1608 miseri
526 1551 638 1609 diversa
657 1549 688 1607 in
708 1560 788 1625 parte
809 1547 906 1607 Latini

122 1630 294 1686 Innumeras
314 1639 441 1686 struxere
460 1647 543 1703 pyras
553 1648 562 1699 ;
582 1638 611 1687 et
630 1647 751 1703 corpora
771 1628 874 1703 partim

124 1709 223 1764 Multa
241 1706 333 1764 virum
354 1716 445 1765 terrae
464 1707 618 1777 infodiunt,
639 1717 797 1780 avectaque
814 1705 918 1780 partim

123 1784 277 1844 Finitimos
298 1787 403 1844 tollunt
422 1787 453 1842 in
469 1804 561 1860 agros,
582 1785 704 1858 urbique
724 1785 890 1842 remittunt:

123 1865 237 1936 Cetera,
259 1865 453 1938 confusaeque
472 1863 620 1938 ingentem
641 1862 737 1933 caedis
757 1880 898 1932 acervum,

123 1943 190 2000 Nec
210 1960 332 2000 numero
353 1961 408 2000 nec
427 1943 538 2000 honore
558 1951 703 2012 cremant3
723 1950 793 1998 tunc
812 1938 943 2016 undique
962 1937 1034 1997 vasti

122 2019 264 2080 Certatim
285 2020 390 2078 crebris
411 2022 567 2079 conlucent
586 2018 699 2094 ignibus
719 2016 786 2094 agri.

122 2099 223 2156 Tertia
242 2099 292 2155 lux
310 2099 436 2172 gelidam
456 2100 538 2156 caelo
558 2098 718 2156 dimoverat
737 2096 886 2155 umbram:
1036 2114 1091 2151 210

123 2179 290 2235 Maerentes
308 2179 398 2234 altum
419 2176 545 2235 cinerem
566 2186 594 2235 et
615 2177 735 2234 confusa
753 2177 875 2234 ruebant
1038 2170 1041 2177 ’

123 2257 201 2314 Ossa
220 2255 301 2326 focis,
324 2255 483 2330 tepidoque
503 2256 663 2312 onerabant
683 2273 785 2329 aggere
806 2264 904 2311 terrae.

123 2335 189 2390 Iam
208 2352 277 2391 vero
297 2332 327 2390 in
348 2333 440 2406 tectis,
461 2332 627 2408 praedivitis
647 2335 719 2392 urbe
739 2331 844 2403 Latini,

124 2411 300 2486 Praecipuus
320 2413 421 2487 fragor,
444 2423 474 2470 et
492 2411 572 2487 longi
591 2430 657 2486 pars
677 2410 804 2469 maxima
823 2412 923 2486 luctus.

124 2489 186 2547 Hic
205 2501 319 2560 matres,
341 2490 520 2564 miseraeque
540 2508 638 2562 nuruS,
660 2491 706 2548 hic
726 2509 793 2548 cara
813 2508 942 2548 sororum
1037 2505 1089 2562 215

124 2570 247 2626 Pectora
266 2579 456 2640 maerentum,
477 2567 617 2642 puerique
637 2568 803 2642 parentibus
824 2567 896 2638 orbi,

124 2646 227 2704 Dirum
247 2658 430 2704 exsecrantur
450 2648 558 2704 bellum
578 2646 728 2720 Turnique
748 2646 924 2720 hymenaeos
933 2665 942 2717 3

124 2726 225 2799 Ipsum
245 2725 341 2797 armis,
362 2725 515 2801 ipsumque
536 2724 639 2781 iubent
659 2725 812 2781 decernere
832 2725 916 2793 ferro,

124 2802 184 2877 Qui
203 2821 322 2878 regnum
343 2803 445 2862 Italiae
466 2813 495 2861 et
514 2803 622 2877 primos
642 2801 696 2859 sibi
720 2811 822 2875 poscat
842 2803 974 2857 honores.

122 2885 259 2957 Ingravat
278 2882 352 2939 haec
371 2899 475 2940 saevus
496 2883 634 2949 Drances,
657 2881 809 2953 solumque
829 2878 926 2936 vocari
1038 2899 1093 2937 220

122 2963 266 3031 Testatur,
287 2961 381 3018 solum
402 2958 484 3035 posci
504 2958 534 3016 in
555 2957 712 3016 certamina
732 2960 872 3014 Turnum.

122 3041 219 3096 Multa
239 3037 326 3096 simul
346 3048 448 3097 contra
467 3035 552 3095 variis
573 3035 717 3094 sententia
737 3034 821 3093 dictis

123 3121 180 3176 Pro
200 3119 300 3174 Turno
309 3138 318 3190 ;
339 3127 368 3176 et
389 3134 525 3190 magnum
544 3115 661 3190 reginae
681 3132 789 3172 nornen
811 3115 966 3173 obumbrat
975 3135 984 3186 ;

122 3198 218 3253 Multa
237 3195 328 3253 virum
350 3195 457 3253 meritis
478 3202 620 3251 sustentat
641 3194 717 3249 fama
737 3192 870 3267 tropaeis.

162 3277 228 3336 Hos
247 3273 322 3332 inter
341 3283 445 3344 motus,
466 3270 565 3330 medio
584 3271 615 3329 in
635 3271 773 3345 flagrante
793 3272 927 3339 tumultu,
1036 3286 1092 3347 υς
