2462 3678
406 100 647 160 AENEIDOS
662 102 748 160 LIB.
770 105 828 162 IX.

92 234 226 308 Atque
245 233 336 304 locon,
360 231 423 309 (qui
443 243 511 308 post
532 234 627 291 Albae
648 233 686 292 de
706 232 827 292 nomine
848 233 920 293 dieti

94 311 245 384 Albani,
267 324 330 371 turn
350 332 402 372 rex
422 313 537 372 stabula
557 314 617 371 alta
637 312 760 372 Latinus
780 313 931 393 habebat)

96 393 160 451 Ut
186 393 271 452 stetit
291 405 321 452 et
341 395 445 452 frustra
465 395 619 452 absentem
639 392 767 469 respexit
787 393 922 453 amicum.

102 475 272 550 ‘Euryale
292 472 400 544 infelix,
423 485 531 549 quate
551 473 670 550 regione
691 472 812 550 reliqui?
1061 470 1118 554 390

104 552 251 626 ‘Quave
270 572 384 628 sequar,
405 572 503 612 rursus
523 556 696 630 perplexum
716 553 771 614 iter
791 572 881 614 omne
900 556 1054 617 revolvens

107 632 270 692 ‘Fallacis
291 633 409 693 silvae?
453 633 545 694 Simul
565 644 596 693 et
615 633 737 709 vestigia
756 644 833 693 retro
1105 640 1110 650 '

107 713 291 772 Observata
311 713 381 789 legit
402 712 558 788 dumisque
579 713 731 773 silentibus
753 725 834 773 errat
1003 773 1005 782 .

108 792 217 852 Audit
238 812 340 869 equos,
361 792 443 852 audit
462 793 598 869 strepitus
619 805 649 852 et
669 793 752 870 signa
772 806 955 870 sequentum.

110 875 191 932 Nec
211 873 333 949 longum
354 873 385 931 in
405 873 505 933 medio
525 884 652 949 tempus,
675 893 743 932 curn
765 877 877 934 clamor
896 876 935 935 ad
955 895 1040 937 aures
1059 895 1115 955 395

111 953 264 1012 Pervenit
284 971 319 1011 ac
338 952 419 1012 videt
441 955 609 1030 Euryalum,
630 972 719 1029 quem
740 954 799 1012 iam
821 974 925 1015 manus
946 957 1043 1016 omnis

113 1034 241 1092 Fraude
261 1033 319 1092 loci
341 1043 369 1092 et
389 1034 493 1107 noctis,
516 1033 613 1093 subito
634 1036 771 1094 turbante
791 1037 927 1106 tumultu,

115 1115 308 1189 Oppressum
328 1112 404 1189 rapit
424 1123 454 1172 et
473 1123 631 1173 conantem
652 1114 779 1189 plurima
798 1116 908 1174 frustra

116 1193 207 1268 Quid
227 1192 332 1252 saciat?
358 1212 417 1269 qua
435 1194 464 1252 vi
484 1194 629 1265 iuvenem,
652 1192 760 1269 quibus
781 1196 889 1254 audeat
908 1196 997 1255 armis

118 1272 264 1349 Eripere?
290 1292 329 1332 an
350 1293 414 1332 sese
435 1273 550 1334 medios
571 1272 727 1333 moriturus
747 1273 778 1332 in
799 1293 884 1334 enses
1055 1298 1114 1350 400

120 1355 237 1412 Inferat
257 1363 287 1412 et
307 1355 458 1429 pulchram
480 1364 618 1430 properet
638 1372 691 1429 per
710 1355 831 1414 volnera
851 1357 995 1415 mortem?

119 1433 217 1494 Ocius
234 1434 364 1493 adducto
384 1445 501 1510 torquet
520 1433 625 1493 hastile
645 1435 755 1494 lacerto

119 1513 291 1590 Suspiciens
311 1515 400 1573 altam
422 1511 553 1585 Lunam,
569 1524 597 1574 et
618 1513 660 1573 sic
681 1533 754 1574 voce
775 1527 920 1591 precatur:

123 1596 198 1666 ‘Tu,
220 1596 285 1664 dea,
307 1603 338 1652 tu
358 1613 496 1670 praesens
517 1604 617 1653 nostro
638 1613 772 1654 succurre
792 1597 892 1671 labori,

123 1677 294 1734 ‘Astrorum
315 1676 406 1734 decus
427 1685 456 1733 et
476 1693 631 1733 nemorum
653 1676 778 1734 Latonia
797 1689 902 1736 custos
1053 1694 1111 1752 405

123 1754 172 1815 ‘Si
193 1773 252 1831 qua
272 1754 329 1813 tuis
349 1773 481 1832 unquam
501 1773 555 1831 pro
575 1773 623 1814 me
643 1766 727 1830 pater
748 1758 896 1832 Hyrtacus
916 1755 973 1816 aris

20 1869 27 1875 -
125 1837 232 1894 ‘Dona
252 1836 326 1907 tulit,
348 1835 373 1894 si
393 1855 452 1910 qua
472 1833 537 1910 ipse
557 1834 631 1894 meis
651 1834 805 1893 venatibus
825 1836 893 1894 auxi

125 1915 323 1992 ‘Suspendive
343 1917 426 1975 tholo
446 1928 498 1973 aut
519 1933 601 1973 sacra
621 1915 659 1974 ad
679 1913 795 1990 fastigia
814 1915 872 1987 fixi,

126 1997 234 2054 ‘Hunc
254 1995 317 2054 sine
337 2013 386 2054 me
407 1996 524 2054 turbare
544 1996 666 2071 globum
687 2005 717 2054 et
737 2013 805 2069 rege
825 1994 884 2053 tela
904 2013 957 2070 per
976 1996 1079 2054 auras!

125 2075 252 2148 Dixerat,
274 2087 303 2135 et
323 2086 388 2134 toto
408 2075 531 2133 conixus
551 2093 673 2150 corpore
693 2076 800 2133 ferrum
1052 2094 1111 2146 410

125 2154 253 2215 Conicit:
277 2157 362 2214 hasta
380 2156 483 2214 volans
503 2154 599 2213 noctis
619 2154 783 2213 diverberat
803 2154 920 2213 umbras

126 2238 165 2294 Et
183 2234 262 2294 venit
282 2235 375 2294 aversi
394 2234 424 2294 in
447 2245 560 2310 tergum
580 2233 737 2305 Sulmonis,
758 2232 859 2309 ibique

126 2315 283 2390 Frangitur,
305 2334 340 2374 ac
361 2317 430 2374 fisso
451 2314 553 2374 transit
573 2313 746 2390 praecordia
764 2314 852 2390 ligno.

126 2395 257 2454 Volvitur
277 2395 326 2454 ille
346 2414 470 2456 vomens
491 2393 619 2454 calidum
641 2395 680 2454 de
700 2405 818 2471 pectore
839 2396 950 2454 flumen

128 2475 264 2551 Frigidus,
286 2487 316 2535 et
335 2475 431 2552 longis
452 2474 626 2551 singultibus
646 2473 697 2533 ilia
716 2477 819 2550 pulsat
1051 2493 1107 2551 415

129 2553 237 2616 Diversi
256 2553 503 2632 circumspiciunt
547 2556 618 2615 Hoc
638 2555 731 2614 acrior
750 2554 830 2615 idem

130 2637 203 2695 Ecce
222 2635 302 2695 aliud
322 2655 438 2696 summa
458 2636 548 2695 telum
569 2635 693 2695 librabat
712 2637 750 2694 ab
771 2655 847 2694 aure.

130 2718 203 2774 Dum
224 2715 379 2792 trepidant,
402 2715 435 2775 iit
455 2715 539 2776 hasta
559 2717 644 2791 Tago
664 2733 717 2790 per
738 2724 853 2790 tempus
874 2724 1031 2789 utrumque

129 2795 259 2868 Stridens,
281 2795 461 2873 traiectoque
481 2795 576 2854 haesit
595 2795 741 2870 tepefacta
761 2794 890 2853 cerebro:
1211 2857 1212 2864 ,

130 2875 217 2936 Saevit
236 2886 319 2936 atrox
338 2878 469 2936 Volcens
490 2893 545 2934 nec
565 2873 616 2932 teli
637 2872 780 2948 conspicit
800 2891 926 2949 usquam
1051 2891 1109 2946 4²0

130 2958 287 3028 Auctorem,
309 2974 366 3016 nec
385 2974 446 3031 quo
467 2974 499 3013 se
518 2955 624 3013 ardens
645 2951 792 3011 inmittere
812 2952 913 3029 possit

132 3036 188 3094 ‘Tu
207 3045 306 3095 tamen
325 3035 437 3095 interea
457 3032 555 3096 calido
576 3031 648 3091 mihi
669 3031 809 3106 sanguine
830 3051 941 3109 poenas

65 3155 69 3163 .
132 3116 288 3174 ‘Persolves
308 3116 479 3174 amborum’
499 3113 594 3190 inquit
603 3133 612 3185 3
640 3111 727 3170 simul
747 3131 818 3173 ense
837 3115 951 3173 recluso

131 3195 191 3252 Ibat
209 3193 239 3251 in
260 3195 426 3271 Euryalum.
469 3197 548 3252 Tum
569 3211 640 3252 vero
660 3193 822 3265 exterritus,
844 3212 946 3254 amens

132 3275 294 3334 Conclamat
315 3274 414 3345 Nisus,
437 3293 493 3333 nec
514 3292 546 3333 se
567 3273 661 3332 celare
683 3270 811 3332 tenebris
1051 3285 1107 3344 425
1209 3299 1210 3334 i

131 3353 254 3430 Amplius
275 3364 326 3434 aut
346 3363 461 3412 tantum
482 3351 579 3430 potuit
599 3354 725 3429 perferre
744 3354 896 3412 dolorem:
1209 3347 1210 3378 ³
