<?xml version="1.0" encoding="UTF-8"?>
<!DOCTYPE html PUBLIC "-//W3C//DTD XHTML 1.0 Transitional//EN"
    "http://www.w3.org/TR/xhtml1/DTD/xhtml1-transitional.dtd">
<html xmlns="http://www.w3.org/1999/xhtml" xml:lang="en" lang="en">
 <head>
  <title>
</title>
<meta http-equiv="Content-Type" content="text/html;charset=utf-8" />
  <meta name='ocr-system' content='tesseract 3.04.00' />
  <meta name='ocr-capabilities' content='ocr_page ocr_carea ocr_par ocr_line ocrx_word'/>
</head>
<body>
  <div class='ocr_page' id='page_1' title='image "./pvergilimaronis13virggoog/pvergilimaronis13virggoog_0419.png"; bbox 0 0 2442 3686; ppageno 0'>
   <div class='ocr_carea' id='block_1_1' title="bbox 140 89 891 170">
    <p class='ocr_par' dir='ltr' id='par_1_1' title="bbox 140 89 891 170">
     <span class='ocr_line' id='line_1_1' title="bbox 140 89 891 170; baseline -0.008 -15"><span class='ocrx_word' id='word_1_1' title='bbox 140 115 200 170; x_wconf 89' lang='lat'>410</span> <span class='ocrx_word' id='word_1_2' title='bbox 393 93 429 152; x_wconf 80' lang='lat' dir='ltr'>P.</span> <span class='ocrx_word' id='word_1_3' title='bbox 464 89 655 149; x_wconf 72' lang='lat' dir='ltr'><em>VERGJLJ</em></span> <span class='ocrx_word' id='word_1_4' title='bbox 677 89 891 149; x_wconf 65' lang='lat' dir='ltr'>Maronem</span> 
     </span>
    </p>
   </div>
   <div class='ocr_carea' id='block_1_2' title="bbox 138 215 1206 3300">
    <p class='ocr_par' dir='ltr' id='par_1_2' title="bbox 140 215 915 295">
     <span class='ocr_line' id='line_1_2' title="bbox 140 215 915 295; baseline -0.004 -15"><span class='ocrx_word' id='word_1_5' title='bbox 140 216 271 292; x_wconf 88' lang='lat' dir='ltr'>Moenia,</span> <span class='ocrx_word' id='word_1_6' title='bbox 290 215 401 295; x_wconf 88' lang='lat' dir='ltr'>quique</span> <span class='ocrx_word' id='word_1_7' title='bbox 420 216 497 279; x_wconf 91' lang='lat' dir='ltr'>imos</span> <span class='ocrx_word' id='word_1_8' title='bbox 516 218 675 294; x_wconf 83' lang='lat' dir='ltr'><strong>pulsabant</strong></span> <span class='ocrx_word' id='word_1_9' title='bbox 694 215 785 276; x_wconf 90' lang='lat' dir='ltr'>ariete</span> <span class='ocrx_word' id='word_1_10' title='bbox 806 237 915 291; x_wconf 86' lang='lat' dir='ltr'>muros,</span> 
     </span>
    </p>

    <p class='ocr_par' dir='ltr' id='par_1_3' title="bbox 138 297 1013 374">
     <span class='ocr_line' id='line_1_3' title="bbox 138 297 1013 374; baseline 0.001 -17"><span class='ocrx_word' id='word_1_11' title='bbox 138 302 290 374; x_wconf 85' lang='lat' dir='ltr'>Armaque</span> <span class='ocrx_word' id='word_1_12' title='bbox 309 298 474 374; x_wconf 87' lang='lat' dir='ltr'>deposuere</span> <span class='ocrx_word' id='word_1_13' title='bbox 495 297 632 356; x_wconf 87' lang='lat' dir='ltr'>humeris.</span> <span class='ocrx_word' id='word_1_14' title='bbox 675 299 780 372; x_wconf 87' lang='lat' dir='ltr'>Stupet</span> <span class='ocrx_word' id='word_1_15' title='bbox 800 298 864 373; x_wconf 93' lang='lat' dir='ltr'>ipse</span> <span class='ocrx_word' id='word_1_16' title='bbox 886 297 1013 358; x_wconf 87' lang='lat' dir='ltr'>Latinus</span> 
     </span>
    </p>

    <p class='ocr_par' dir='ltr' id='par_1_4' title="bbox 140 375 832 454">
     <span class='ocr_line' id='line_1_4' title="bbox 140 375 832 454; baseline -0.001 -17"><span class='ocrx_word' id='word_1_17' title='bbox 140 380 291 454; x_wconf 84' lang='lat' dir='ltr'>Ingentes,</span> <span class='ocrx_word' id='word_1_18' title='bbox 312 377 429 454; x_wconf 89' lang='lat' dir='ltr'>genitos</span> <span class='ocrx_word' id='word_1_19' title='bbox 451 376 573 437; x_wconf 89' lang='lat' dir='ltr'>diversis</span> <span class='ocrx_word' id='word_1_20' title='bbox 592 375 724 452; x_wconf 89' lang='lat' dir='ltr'>partibus</span> <span class='ocrx_word' id='word_1_21' title='bbox 745 375 832 450; x_wconf 88' lang='lat' dir='ltr'>orbis,</span> 
     </span>
    </p>

    <p class='ocr_par' dir='ltr' id='par_1_5' title="bbox 140 455 797 517">
     <span class='ocr_line' id='line_1_5' title="bbox 140 455 797 517; baseline -0.005 -1"><span class='ocrx_word' id='word_1_22' title='bbox 140 459 223 516; x_wconf 89' lang='lat' dir='ltr'>Inter</span> <span class='ocrx_word' id='word_1_23' title='bbox 242 475 274 516; x_wconf 91' lang='lat' dir='ltr'>se</span> <span class='ocrx_word' id='word_1_24' title='bbox 294 456 401 517; x_wconf 87' lang='lat' dir='ltr'>coiisse</span> <span class='ocrx_word' id='word_1_25' title='bbox 421 455 500 516; x_wconf 88' lang='lat' dir='ltr'>viros</span> <span class='ocrx_word' id='word_1_26' title='bbox 520 467 550 516; x_wconf 88' lang='lat' dir='ltr'>et</span> <span class='ocrx_word' id='word_1_27' title='bbox 570 475 691 515; x_wconf 89' lang='lat' dir='ltr'>cernere</span> <span class='ocrx_word' id='word_1_28' title='bbox 711 458 797 515; x_wconf 83' lang='lat' dir='ltr'>ferro.</span> 
     </span>
    </p>

    <p class='ocr_par' dir='ltr' id='par_1_6' title="bbox 139 535 1141 691">
     <span class='ocr_line' id='line_1_6' title="bbox 139 535 1141 612; baseline 0.002 -18"><span class='ocrx_word' id='word_1_29' title='bbox 139 539 238 612; x_wconf 89' lang='lat' dir='ltr'>Atque</span> <span class='ocrx_word' id='word_1_30' title='bbox 258 535 307 608; x_wconf 91' lang='lat' dir='ltr'>illi,</span> <span class='ocrx_word' id='word_1_31' title='bbox 329 546 362 595; x_wconf 93' lang='lat' dir='ltr'>ut</span> <span class='ocrx_word' id='word_1_32' title='bbox 382 555 477 596; x_wconf 88' lang='lat' dir='ltr'>vacuo</span> <span class='ocrx_word' id='word_1_33' title='bbox 496 545 655 612; x_wconf 89' lang='lat' dir='ltr'>patuemnt</span> <span class='ocrx_word' id='word_1_34' title='bbox 674 553 804 610; x_wconf 89' lang='lat' dir='ltr'>aequore</span> <span class='ocrx_word' id='word_1_35' title='bbox 825 535 929 612; x_wconf 90' lang='lat' dir='ltr'>campi,</span> <span class='ocrx_word' id='word_1_36' title='bbox 1081 553 1141 612; x_wconf 79' lang='lat'>710</span> 
     </span>
     <span class='ocr_line' id='line_1_7' title="bbox 140 613 839 691; baseline -0.009 -13"><span class='ocrx_word' id='word_1_37' title='bbox 140 617 284 678; x_wconf 81' lang='lat' dir='ltr'>Procursu</span> <span class='ocrx_word' id='word_1_38' title='bbox 304 615 417 691; x_wconf 85' lang='lat' dir='ltr'>rapido,</span> <span class='ocrx_word' id='word_1_39' title='bbox 438 615 581 675; x_wconf 90' lang='lat' dir='ltr'>coniectis</span> <span class='ocrx_word' id='word_1_40' title='bbox 601 613 717 674; x_wconf 89' lang='lat' dir='ltr'>eminus</span> <span class='ocrx_word' id='word_1_41' title='bbox 737 613 839 688; x_wconf 91' lang='lat' dir='ltr'>hastis,</span> 
     </span>
    </p>

    <p class='ocr_par' dir='ltr' id='par_1_7' title="bbox 140 693 900 770">
     <span class='ocr_line' id='line_1_8' title="bbox 140 693 900 770; baseline 0.001 -17"><span class='ocrx_word' id='word_1_42' title='bbox 140 694 290 753; x_wconf 82' lang='lat' dir='ltr'>Invadunt</span> <span class='ocrx_word' id='word_1_43' title='bbox 310 697 439 754; x_wconf 90' lang='lat' dir='ltr'>Martem</span> <span class='ocrx_word' id='word_1_44' title='bbox 460 693 563 770; x_wconf 83' lang='lat' dir='ltr'>clipeis</span> <span class='ocrx_word' id='word_1_45' title='bbox 584 704 673 769; x_wconf 92' lang='lat' dir='ltr'>atque</span> <span class='ocrx_word' id='word_1_46' title='bbox 694 712 761 753; x_wconf 88' lang='lat' dir='ltr'>aere</span> <span class='ocrx_word' id='word_1_47' title='bbox 781 713 900 754; x_wconf 89' lang='lat' dir='ltr'>sonoro.</span> 
     </span>
    </p>

    <p class='ocr_par' dir='ltr' id='par_1_8' title="bbox 141 773 941 851">
     <span class='ocr_line' id='line_1_9' title="bbox 141 773 941 851; baseline -0.001 -17"><span class='ocrx_word' id='word_1_48' title='bbox 141 775 202 834; x_wconf 88' lang='lat' dir='ltr'>Dat</span> <span class='ocrx_word' id='word_1_49' title='bbox 220 773 362 851; x_wconf 83' lang='lat' dir='ltr'>gemitum</span> <span class='ocrx_word' id='word_1_50' title='bbox 382 776 483 834; x_wconf 89' lang='lat' dir='ltr'>tellus:</span> <span class='ocrx_word' id='word_1_51' title='bbox 503 785 566 834; x_wconf 85' lang='lat' dir='ltr'>turn</span> <span class='ocrx_word' id='word_1_52' title='bbox 586 775 705 833; x_wconf 90' lang='lat' dir='ltr'>crebros</span> <span class='ocrx_word' id='word_1_53' title='bbox 726 773 847 832; x_wconf 91' lang='lat' dir='ltr'>ensibus</span> <span class='ocrx_word' id='word_1_54' title='bbox 867 773 941 833; x_wconf 88' lang='lat' dir='ltr'>ictus</span> 
     </span>
    </p>

    <p class='ocr_par' dir='ltr' id='par_1_9' title="bbox 140 851 964 929">
     <span class='ocr_line' id='line_1_10' title="bbox 140 851 964 929; baseline 0 -16"><span class='ocrx_word' id='word_1_55' title='bbox 140 852 373 929; x_wconf 86' lang='lat' dir='ltr'>Congeminant;</span> <span class='ocrx_word' id='word_1_56' title='bbox 392 855 451 913; x_wconf 85' lang='lat' dir='ltr'>fors</span> <span class='ocrx_word' id='word_1_57' title='bbox 472 864 502 914; x_wconf 94' lang='lat' dir='ltr'>et</span> <span class='ocrx_word' id='word_1_58' title='bbox 521 853 612 912; x_wconf 89' lang='lat' dir='ltr'>virtus</span> <span class='ocrx_word' id='word_1_59' title='bbox 632 852 793 912; x_wconf 88' lang='lat' dir='ltr'>miscentur</span> <span class='ocrx_word' id='word_1_60' title='bbox 811 851 843 910; x_wconf 90' lang='lat' dir='ltr'>in</span> <span class='ocrx_word' id='word_1_61' title='bbox 862 873 964 913; x_wconf 86' lang='lat' dir='ltr'>unum.</span> 
     </span>
    </p>

    <p class='ocr_par' dir='ltr' id='par_1_10' title="bbox 139 932 1138 1087">
     <span class='ocr_line' id='line_1_11' title="bbox 139 932 1138 1010; baseline 0.002 -18"><span class='ocrx_word' id='word_1_62' title='bbox 139 935 186 992; x_wconf 90' lang='lat' dir='ltr'>Ac</span> <span class='ocrx_word' id='word_1_63' title='bbox 206 934 287 992; x_wconf 90' lang='lat' dir='ltr'>velut</span> <span class='ocrx_word' id='word_1_64' title='bbox 306 932 419 1010; x_wconf 86' lang='lat' dir='ltr'>ingenti</span> <span class='ocrx_word' id='word_1_65' title='bbox 439 932 498 993; x_wconf 88' lang='lat' dir='ltr'>Sila</span> <span class='ocrx_word' id='word_1_66' title='bbox 519 951 673 992; x_wconf 91' lang='lat' dir='ltr'>summove</span> <span class='ocrx_word' id='word_1_67' title='bbox 693 933 838 991; x_wconf 78' lang='lat' dir='ltr'>Tabunro</span> <span class='ocrx_word' id='word_1_68' title='bbox 1079 949 1138 1010; x_wconf 79' lang='lat'>715</span> 
     </span>
     <span class='ocr_line' id='line_1_12' title="bbox 139 1009 892 1087; baseline -0.001 -17"><span class='ocrx_word' id='word_1_69' title='bbox 139 1012 218 1070; x_wconf 90' lang='lat' dir='ltr'>Cum</span> <span class='ocrx_word' id='word_1_70' title='bbox 241 1012 303 1071; x_wconf 90' lang='lat' dir='ltr'>duo</span> <span class='ocrx_word' id='word_1_71' title='bbox 323 1011 472 1072; x_wconf 88' lang='lat' dir='ltr'>conversis</span> <span class='ocrx_word' id='word_1_72' title='bbox 493 1011 612 1071; x_wconf 86' lang='lat' dir='ltr'>inimica</span> <span class='ocrx_word' id='word_1_73' title='bbox 631 1011 662 1070; x_wconf 90' lang='lat' dir='ltr'>in</span> <span class='ocrx_word' id='word_1_74' title='bbox 682 1010 796 1087; x_wconf 88' lang='lat' dir='ltr'>proelia</span> <span class='ocrx_word' id='word_1_75' title='bbox 815 1009 892 1070; x_wconf 90' lang='lat' dir='ltr'>tauri</span> 
     </span>
    </p>

    <p class='ocr_par' dir='ltr' id='par_1_11' title="bbox 142 1090 906 1168">
     <span class='ocr_line' id='line_1_13' title="bbox 142 1090 906 1168; baseline -0.001 -17"><span class='ocrx_word' id='word_1_76' title='bbox 142 1090 300 1152; x_wconf 89' lang='lat' dir='ltr'>Frontibus</span> <span class='ocrx_word' id='word_1_77' title='bbox 321 1090 473 1151; x_wconf 87' lang='lat' dir='ltr'>incurrunt</span> <span class='ocrx_word' id='word_1_78' title='bbox 477 1112 487 1164; x_wconf 75' lang='lat'><em>3</em></span> <span class='ocrx_word' id='word_1_79' title='bbox 507 1090 606 1168; x_wconf 89' lang='lat' dir='ltr'>pavidi</span> <span class='ocrx_word' id='word_1_80' title='bbox 626 1109 740 1150; x_wconf 90' lang='lat' dir='ltr'>cessere</span> <span class='ocrx_word' id='word_1_81' title='bbox 760 1090 891 1166; x_wconf 88' lang='lat' dir='ltr'>magistri</span> <span class='ocrx_word' id='word_1_82' title='bbox 895 1111 906 1164; x_wconf 78' lang='lat'><em>3</em></span> 
     </span>
    </p>

    <p class='ocr_par' dir='ltr' id='par_1_12' title="bbox 140 1170 1056 1248">
     <span class='ocr_line' id='line_1_14' title="bbox 140 1170 1056 1248; baseline 0.002 -18"><span class='ocrx_word' id='word_1_83' title='bbox 140 1171 203 1230; x_wconf 86' lang='lat' dir='ltr'>Stat</span> <span class='ocrx_word' id='word_1_84' title='bbox 223 1189 315 1248; x_wconf 91' lang='lat' dir='ltr'>pecus</span> <span class='ocrx_word' id='word_1_85' title='bbox 334 1190 423 1231; x_wconf 91' lang='lat' dir='ltr'>omne</span> <span class='ocrx_word' id='word_1_86' title='bbox 442 1183 525 1230; x_wconf 90' lang='lat' dir='ltr'>metu</span> <span class='ocrx_word' id='word_1_87' title='bbox 545 1181 667 1242; x_wconf 90' lang='lat' dir='ltr'>mutum,</span> <span class='ocrx_word' id='word_1_88' title='bbox 689 1181 882 1246; x_wconf 85' lang='lat' dir='ltr'>mussantque</span> <span class='ocrx_word' id='word_1_89' title='bbox 900 1170 1056 1243; x_wconf 85' lang='lat' dir='ltr'>iuvencae,</span> 
     </span>
    </p>

    <p class='ocr_par' dir='ltr' id='par_1_13' title="bbox 141 1249 1071 1328">
     <span class='ocr_line' id='line_1_15' title="bbox 141 1249 1071 1328; baseline 0.002 -19"><span class='ocrx_word' id='word_1_90' title='bbox 141 1250 215 1325; x_wconf 90' lang='lat' dir='ltr'>Quis</span> <span class='ocrx_word' id='word_1_91' title='bbox 235 1249 351 1310; x_wconf 91' lang='lat' dir='ltr'>nemori</span> <span class='ocrx_word' id='word_1_92' title='bbox 369 1249 523 1326; x_wconf 87' lang='lat' dir='ltr'>imperitet,</span> <span class='ocrx_word' id='word_1_93' title='bbox 546 1269 635 1325; x_wconf 92' lang='lat' dir='ltr'>quem</span> <span class='ocrx_word' id='word_1_94' title='bbox 656 1260 720 1309; x_wconf 86' lang='lat' dir='ltr'>tota</span> <span class='ocrx_word' id='word_1_95' title='bbox 739 1261 872 1310; x_wconf 87' lang='lat' dir='ltr'>armenta</span> <span class='ocrx_word' id='word_1_96' title='bbox 891 1264 1071 1328; x_wconf 61' lang='lat' dir='ltr'>sequentum</span> 
     </span>
    </p>

    <p class='ocr_par' dir='ltr' id='par_1_14' title="bbox 141 1327 1136 1485">
     <span class='ocr_line' id='line_1_16' title="bbox 141 1327 1136 1406; baseline 0.001 -17"><span class='ocrx_word' id='word_1_97' title='bbox 141 1329 190 1389; x_wconf 92' lang='lat' dir='ltr'>Illi</span> <span class='ocrx_word' id='word_1_98' title='bbox 210 1329 286 1389; x_wconf 90' lang='lat' dir='ltr'>inter</span> <span class='ocrx_word' id='word_1_99' title='bbox 306 1348 371 1390; x_wconf 89' lang='lat' dir='ltr'>sese</span> <span class='ocrx_word' id='word_1_100' title='bbox 391 1331 484 1390; x_wconf 86' lang='lat' dir='ltr'>multa</span> <span class='ocrx_word' id='word_1_101' title='bbox 503 1327 533 1388; x_wconf 92' lang='lat' dir='ltr'>vi</span> <span class='ocrx_word' id='word_1_102' title='bbox 552 1330 673 1389; x_wconf 89' lang='lat' dir='ltr'>volnera</span> <span class='ocrx_word' id='word_1_103' title='bbox 693 1327 827 1403; x_wconf 91' lang='lat' dir='ltr'>miscent,</span> <span class='ocrx_word' id='word_1_104' title='bbox 1080 1350 1136 1406; x_wconf 84' lang='lat'>7²⁰</span> 
     </span>
     <span class='ocr_line' id='line_1_17' title="bbox 141 1407 968 1485; baseline -0.001 -15"><span class='ocrx_word' id='word_1_105' title='bbox 141 1411 320 1485; x_wconf 89' lang='lat' dir='ltr'>Comuaque</span> <span class='ocrx_word' id='word_1_106' title='bbox 341 1408 443 1469; x_wconf 86' lang='lat' dir='ltr'>obnixi</span> <span class='ocrx_word' id='word_1_107' title='bbox 463 1408 596 1485; x_wconf 87' lang='lat' dir='ltr'>infigunt,</span> <span class='ocrx_word' id='word_1_108' title='bbox 619 1420 649 1469; x_wconf 92' lang='lat' dir='ltr'>et</span> <span class='ocrx_word' id='word_1_109' title='bbox 670 1407 812 1484; x_wconf 86' lang='lat' dir='ltr'>sanguine</span> <span class='ocrx_word' id='word_1_110' title='bbox 832 1410 914 1485; x_wconf 84' lang='lat' dir='ltr'>largo</span> <span class='ocrx_word' id='word_1_111' title='bbox 965 1477 968 1480; x_wconf 51' lang='grc'><strong>,</strong></span> 
     </span>
    </p>

    <p class='ocr_par' dir='ltr' id='par_1_15' title="bbox 142 1489 1069 1568">
     <span class='ocr_line' id='line_1_18' title="bbox 142 1489 1069 1568; baseline 0.001 -19"><span class='ocrx_word' id='word_1_112' title='bbox 142 1491 228 1549; x_wconf 90' lang='lat' dir='ltr'>Colla</span> <span class='ocrx_word' id='word_1_113' title='bbox 247 1507 404 1564; x_wconf 91' lang='lat' dir='ltr'>armosque</span> <span class='ocrx_word' id='word_1_114' title='bbox 424 1490 536 1563; x_wconf 80' lang='lat' dir='ltr'>lavant3</span> <span class='ocrx_word' id='word_1_115' title='bbox 556 1489 666 1565; x_wconf 89' lang='lat' dir='ltr'>gemitu</span> <span class='ocrx_word' id='word_1_116' title='bbox 688 1508 792 1548; x_wconf 91' lang='lat' dir='ltr'>nemus</span> <span class='ocrx_word' id='word_1_117' title='bbox 813 1507 902 1548; x_wconf 90' lang='lat' dir='ltr'>omne</span> <span class='ocrx_word' id='word_1_118' title='bbox 922 1489 1069 1568; x_wconf 78' lang='lat' dir='ltr'>remugite</span> 
     </span>
    </p>

    <p class='ocr_par' dir='ltr' id='par_1_16' title="bbox 141 1568 866 1628">
     <span class='ocr_line' id='line_1_19' title="bbox 141 1568 866 1628; baseline 0.001 -1"><span class='ocrx_word' id='word_1_119' title='bbox 141 1570 211 1627; x_wconf 91' lang='lat' dir='ltr'>Non</span> <span class='ocrx_word' id='word_1_120' title='bbox 233 1569 317 1628; x_wconf 88' lang='lat' dir='ltr'>aliter</span> <span class='ocrx_word' id='word_1_121' title='bbox 335 1571 411 1627; x_wconf 89' lang='lat' dir='ltr'>Tros</span> <span class='ocrx_word' id='word_1_122' title='bbox 432 1571 549 1628; x_wconf 85' lang='lat' dir='ltr'>Aeneas</span> <span class='ocrx_word' id='word_1_123' title='bbox 570 1579 600 1627; x_wconf 90' lang='lat' dir='ltr'>et</span> <span class='ocrx_word' id='word_1_124' title='bbox 621 1568 759 1628; x_wconf 87' lang='lat' dir='ltr'>Daunius</span> <span class='ocrx_word' id='word_1_125' title='bbox 778 1570 866 1628; x_wconf 91' lang='lat' dir='ltr'>heros</span> 
     </span>
    </p>

    <p class='ocr_par' dir='ltr' id='par_1_17' title="bbox 142 1645 990 1726">
     <span class='ocr_line' id='line_1_20' title="bbox 142 1645 990 1726; baseline 0 -18"><span class='ocrx_word' id='word_1_126' title='bbox 142 1649 327 1708; x_wconf 88' lang='lat' dir='ltr'>Concurmnt</span> <span class='ocrx_word' id='word_1_127' title='bbox 346 1646 449 1722; x_wconf 90' lang='lat' dir='ltr'>clipeis</span> <span class='ocrx_word' id='word_1_128' title='bbox 454 1670 464 1723; x_wconf 71' lang='grc' dir='ltr'><strong><em>ς</em></strong></span> <span class='ocrx_word' id='word_1_129' title='bbox 483 1645 586 1724; x_wconf 89' lang='lat' dir='ltr'>ingens</span> <span class='ocrx_word' id='word_1_130' title='bbox 606 1650 703 1724; x_wconf 88' lang='lat' dir='ltr'>fragor</span> <span class='ocrx_word' id='word_1_131' title='bbox 722 1649 842 1708; x_wconf 89' lang='lat' dir='ltr'>aethera</span> <span class='ocrx_word' id='word_1_132' title='bbox 861 1650 990 1726; x_wconf 84' lang='lat' dir='ltr'>couplet</span> 
     </span>
    </p>

    <p class='ocr_par' dir='ltr' id='par_1_18' title="bbox 141 1726 1131 1882">
     <span class='ocr_line' id='line_1_21' title="bbox 142 1726 1131 1805; baseline 0.001 -19"><span class='ocrx_word' id='word_1_133' title='bbox 142 1727 276 1805; x_wconf 91' lang='lat' dir='ltr'>Iuppiter</span> <span class='ocrx_word' id='word_1_134' title='bbox 294 1726 358 1803; x_wconf 92' lang='lat' dir='ltr'>ipse</span> <span class='ocrx_word' id='word_1_135' title='bbox 378 1727 452 1786; x_wconf 88' lang='lat' dir='ltr'>duas</span> <span class='ocrx_word' id='word_1_136' title='bbox 472 1738 600 1804; x_wconf 87' lang='lat' dir='ltr'>aequato</span> <span class='ocrx_word' id='word_1_137' title='bbox 620 1727 755 1787; x_wconf 82' lang='lat' dir='ltr'>examine</span> <span class='ocrx_word' id='word_1_138' title='bbox 776 1729 877 1788; x_wconf 89' lang='lat' dir='ltr'>lances</span> <span class='ocrx_word' id='word_1_139' title='bbox 1075 1744 1131 1804; x_wconf 76' lang='lat'>725</span> 
     </span>
     <span class='ocr_line' id='line_1_22' title="bbox 141 1806 837 1882; baseline -0.001 -14"><span class='ocrx_word' id='word_1_140' title='bbox 141 1807 279 1878; x_wconf 89' lang='lat' dir='ltr'>Sustinet,</span> <span class='ocrx_word' id='word_1_141' title='bbox 301 1817 332 1866; x_wconf 89' lang='lat' dir='ltr'>et</span> <span class='ocrx_word' id='word_1_142' title='bbox 351 1807 412 1865; x_wconf 85' lang='lat' dir='ltr'>fata</span> <span class='ocrx_word' id='word_1_143' title='bbox 431 1806 547 1882; x_wconf 90' lang='lat' dir='ltr'>inponit</span> <span class='ocrx_word' id='word_1_144' title='bbox 567 1807 683 1867; x_wconf 87' lang='lat' dir='ltr'>diversa</span> <span class='ocrx_word' id='word_1_145' title='bbox 703 1807 837 1880; x_wconf 87' lang='lat' dir='ltr'>duorum,</span> 
     </span>
    </p>

    <p class='ocr_par' dir='ltr' id='par_1_19' title="bbox 141 1886 1206 2121">
     <span class='ocr_line' id='line_1_23' title="bbox 141 1886 1206 1966; baseline 0.003 -20"><span class='ocrx_word' id='word_1_146' title='bbox 141 1889 239 1962; x_wconf 91' lang='lat' dir='ltr'>Quem</span> <span class='ocrx_word' id='word_1_147' title='bbox 260 1886 382 1945; x_wconf 90' lang='lat' dir='ltr'>damnet</span> <span class='ocrx_word' id='word_1_148' title='bbox 402 1888 493 1959; x_wconf 89' lang='lat' dir='ltr'>labor,</span> <span class='ocrx_word' id='word_1_149' title='bbox 515 1897 546 1946; x_wconf 90' lang='lat' dir='ltr'>et</span> <span class='ocrx_word' id='word_1_150' title='bbox 565 1905 625 1962; x_wconf 90' lang='lat' dir='ltr'>quo</span> <span class='ocrx_word' id='word_1_151' title='bbox 646 1898 746 1962; x_wconf 89' lang='lat' dir='ltr'>vergat</span> <span class='ocrx_word' id='word_1_152' title='bbox 765 1887 897 1964; x_wconf 88' lang='lat' dir='ltr'>pondere</span> <span class='ocrx_word' id='word_1_153' title='bbox 917 1889 1019 1949; x_wconf 84' lang='lat' dir='ltr'>letum.</span> <span class='ocrx_word' id='word_1_154' title='bbox 1205 1943 1206 1966; x_wconf 67' lang='lat'>,</span> 
     </span>
     <span class='ocr_line' id='line_1_24' title="bbox 142 1965 1206 2043; baseline 0.005 -16"><span class='ocrx_word' id='word_1_155' title='bbox 142 1965 258 2027; x_wconf 85' lang='lat' dir='ltr'>Emicat</span> <span class='ocrx_word' id='word_1_156' title='bbox 277 1965 334 2040; x_wconf 89' lang='lat' dir='ltr'>hic,</span> <span class='ocrx_word' id='word_1_157' title='bbox 355 1966 466 2042; x_wconf 90' lang='lat' dir='ltr'>inpune</span> <span class='ocrx_word' id='word_1_158' title='bbox 486 1979 601 2043; x_wconf 84' lang='lat' dir='ltr'>putans,</span> <span class='ocrx_word' id='word_1_159' title='bbox 623 1978 653 2026; x_wconf 91' lang='lat' dir='ltr'>et</span> <span class='ocrx_word' id='word_1_160' title='bbox 673 1985 796 2043; x_wconf 90' lang='lat' dir='ltr'>corpore</span> <span class='ocrx_word' id='word_1_161' title='bbox 816 1977 881 2026; x_wconf 92' lang='lat' dir='ltr'>toto</span> <span class='ocrx_word' id='word_1_162' title='bbox 1205 1971 1206 2032; x_wconf 84' lang='lat' dir='ltr'>l</span> 
     </span>
     <span class='ocr_line' id='line_1_25' title="bbox 141 2043 870 2121; baseline -0.001 -15"><span class='ocrx_word' id='word_1_163' title='bbox 141 2047 210 2106; x_wconf 89' lang='lat' dir='ltr'>Alte</span> <span class='ocrx_word' id='word_1_164' title='bbox 230 2046 378 2106; x_wconf 90' lang='lat' dir='ltr'>sublatum</span> <span class='ocrx_word' id='word_1_165' title='bbox 399 2043 549 2121; x_wconf 88' lang='lat' dir='ltr'>consurgit</span> <span class='ocrx_word' id='word_1_166' title='bbox 569 2044 739 2105; x_wconf 83' lang='lat' dir='ltr'>Turnus-in</span> <span class='ocrx_word' id='word_1_167' title='bbox 761 2064 870 2117; x_wconf 86' lang='lat' dir='ltr'>ensem,</span> 
     </span>
    </p>

    <p class='ocr_par' dir='ltr' id='par_1_20' title="bbox 141 2123 1206 2282">
     <span class='ocr_line' id='line_1_26' title="bbox 142 2123 1206 2202; baseline -0.002 -18"><span class='ocrx_word' id='word_1_168' title='bbox 142 2127 180 2185; x_wconf 92' lang='lat' dir='ltr'>Et</span> <span class='ocrx_word' id='word_1_169' title='bbox 201 2124 273 2185; x_wconf 84' lang='lat' dir='ltr'>ferit</span> <span class='ocrx_word' id='word_1_170' title='bbox 317 2126 492 2186; x_wconf 83' lang='lat' dir='ltr'>Exclamant</span> <span class='ocrx_word' id='word_1_171' title='bbox 512 2127 606 2185; x_wconf 90' lang='lat' dir='ltr'>Troes</span> <span class='ocrx_word' id='word_1_172' title='bbox 627 2124 791 2202; x_wconf 88' lang='lat' dir='ltr'>trepidique</span> <span class='ocrx_word' id='word_1_173' title='bbox 812 2123 920 2198; x_wconf 91' lang='lat' dir='ltr'>Latini,</span> <span class='ocrx_word' id='word_1_174' title='bbox 1076 2139 1133 2200; x_wconf 76' lang='lat'>730</span> <span class='ocrx_word' id='word_1_175' title='bbox 1205 2133 1206 2158; x_wconf 70' lang='lat'><em>³</em></span> 
     </span>
     <span class='ocr_line' id='line_1_27' title="bbox 141 2204 952 2282; baseline -0.001 -18"><span class='ocrx_word' id='word_1_176' title='bbox 141 2208 340 2281; x_wconf 87' lang='lat' dir='ltr'>Arrectaeque</span> <span class='ocrx_word' id='word_1_177' title='bbox 361 2206 515 2264; x_wconf 91' lang='lat' dir='ltr'>amborum</span> <span class='ocrx_word' id='word_1_178' title='bbox 536 2205 621 2266; x_wconf 90' lang='lat' dir='ltr'>acies.</span> <span class='ocrx_word' id='word_1_179' title='bbox 664 2208 705 2264; x_wconf 89' lang='lat' dir='ltr'>At</span> <span class='ocrx_word' id='word_1_180' title='bbox 724 2205 853 2282; x_wconf 90' lang='lat' dir='ltr'>perfidus</span> <span class='ocrx_word' id='word_1_181' title='bbox 874 2204 952 2281; x_wconf 70' lang='lat' dir='ltr'>erasis</span> 
     </span>
    </p>

    <p class='ocr_par' dir='ltr' id='par_1_21' title="bbox 142 2283 927 2361">
     <span class='ocr_line' id='line_1_28' title="bbox 142 2283 927 2361; baseline -0.003 -17"><span class='ocrx_word' id='word_1_182' title='bbox 142 2284 302 2361; x_wconf 89' lang='lat' dir='ltr'>Frangitur,</span> <span class='ocrx_word' id='word_1_183' title='bbox 324 2283 355 2342; x_wconf 91' lang='lat' dir='ltr'>in</span> <span class='ocrx_word' id='word_1_184' title='bbox 375 2283 536 2360; x_wconf 90' lang='lat' dir='ltr'>medioque</span> <span class='ocrx_word' id='word_1_185' title='bbox 556 2286 709 2344; x_wconf 88' lang='lat' dir='ltr'>ardentem</span> <span class='ocrx_word' id='word_1_186' title='bbox 730 2283 839 2344; x_wconf 89' lang='lat' dir='ltr'>deserit</span> <span class='ocrx_word' id='word_1_187' title='bbox 859 2283 927 2357; x_wconf 90' lang='lat' dir='ltr'>ictu,</span> 
     </span>
    </p>

    <p class='ocr_par' dir='ltr' id='par_1_22' title="bbox 142 2362 899 2440">
     <span class='ocr_line' id='line_1_29' title="bbox 142 2362 899 2440; baseline 0.001 -19"><span class='ocrx_word' id='word_1_188' title='bbox 142 2363 183 2421; x_wconf 92' lang='lat' dir='ltr'>Ni</span> <span class='ocrx_word' id='word_1_189' title='bbox 203 2365 271 2440; x_wconf 86' lang='lat' dir='ltr'>fuga</span> <span class='ocrx_word' id='word_1_190' title='bbox 291 2362 423 2424; x_wconf 88' lang='lat' dir='ltr'>subsidio</span> <span class='ocrx_word' id='word_1_191' title='bbox 445 2366 556 2424; x_wconf 86' lang='lat' dir='ltr'>subeat.</span> <span class='ocrx_word' id='word_1_192' title='bbox 600 2362 686 2439; x_wconf 86' lang='lat' dir='ltr'>Fugit</span> <span class='ocrx_word' id='word_1_193' title='bbox 706 2363 789 2422; x_wconf 91' lang='lat' dir='ltr'>ocior</span> <span class='ocrx_word' id='word_1_194' title='bbox 809 2364 899 2434; x_wconf 88' lang='lat' dir='ltr'>Euro,</span> 
     </span>
    </p>

    <p class='ocr_par' dir='ltr' id='par_1_23' title="bbox 142 2441 1010 2520">
     <span class='ocr_line' id='line_1_30' title="bbox 142 2441 1010 2520; baseline -0.001 -18"><span class='ocrx_word' id='word_1_195' title='bbox 142 2444 186 2502; x_wconf 90' lang='lat' dir='ltr'>Ut</span> <span class='ocrx_word' id='word_1_196' title='bbox 206 2445 343 2520; x_wconf 91' lang='lat' dir='ltr'>capulum</span> <span class='ocrx_word' id='word_1_197' title='bbox 363 2443 497 2519; x_wconf 89' lang='lat' dir='ltr'>ignotum</span> <span class='ocrx_word' id='word_1_198' title='bbox 518 2443 709 2518; x_wconf 85' lang='lat' dir='ltr'>dextramque</span> <span class='ocrx_word' id='word_1_199' title='bbox 729 2441 841 2519; x_wconf 86' lang='lat' dir='ltr'>aspexit</span> <span class='ocrx_word' id='word_1_200' title='bbox 861 2442 1010 2502; x_wconf 89' lang='lat' dir='ltr'>inermem.</span> 
     </span>
    </p>

    <p class='ocr_par' dir='ltr' id='par_1_24' title="bbox 143 2521 1128 2678">
     <span class='ocr_line' id='line_1_31' title="bbox 144 2521 1128 2598; baseline -0.003 -16"><span class='ocrx_word' id='word_1_201' title='bbox 144 2523 236 2582; x_wconf 88' lang='lat' dir='ltr'>Fama</span> <span class='ocrx_word' id='word_1_202' title='bbox 255 2534 307 2593; x_wconf 87' lang='lat' dir='ltr'>est,</span> <span class='ocrx_word' id='word_1_203' title='bbox 329 2521 527 2598; x_wconf 91' lang='lat' dir='ltr'>praecipitem,</span> <span class='ocrx_word' id='word_1_204' title='bbox 550 2542 618 2583; x_wconf 92' lang='lat' dir='ltr'>curn</span> <span class='ocrx_word' id='word_1_205' title='bbox 638 2522 733 2598; x_wconf 81' lang='lat' dir='ltr'>prirna</span> <span class='ocrx_word' id='word_1_206' title='bbox 752 2523 783 2581; x_wconf 90' lang='lat' dir='ltr'>in</span> <span class='ocrx_word' id='word_1_207' title='bbox 803 2522 916 2598; x_wconf 91' lang='lat' dir='ltr'>proelia</span> <span class='ocrx_word' id='word_1_208' title='bbox 934 2521 1052 2581; x_wconf 89' lang='lat' dir='ltr'>iunctos</span> <span class='ocrx_word' id='word_1_209' title='bbox 1074 2534 1128 2595; x_wconf 84' lang='lat'>735</span> 
     </span>
     <span class='ocr_line' id='line_1_32' title="bbox 143 2601 905 2678; baseline -0.005 -14"><span class='ocrx_word' id='word_1_210' title='bbox 143 2602 373 2664; x_wconf 90' lang='lat' dir='ltr'>Conscendebat</span> <span class='ocrx_word' id='word_1_211' title='bbox 393 2621 495 2678; x_wconf 90' lang='lat' dir='ltr'>equos,</span> <span class='ocrx_word' id='word_1_212' title='bbox 515 2601 612 2678; x_wconf 85' lang='lat' dir='ltr'>patrio</span> <span class='ocrx_word' id='word_1_213' title='bbox 632 2621 774 2661; x_wconf 87' lang='lat' dir='ltr'>mucrone</span> <span class='ocrx_word' id='word_1_214' title='bbox 793 2601 905 2673; x_wconf 90' lang='lat' dir='ltr'>relicto,</span> 
     </span>
    </p>

    <p class='ocr_par' dir='ltr' id='par_1_25' title="bbox 142 2679 954 2758">
     <span class='ocr_line' id='line_1_33' title="bbox 142 2679 954 2758; baseline -0.004 -17"><span class='ocrx_word' id='word_1_215' title='bbox 142 2683 223 2741; x_wconf 92' lang='lat' dir='ltr'>Dum</span> <span class='ocrx_word' id='word_1_216' title='bbox 243 2679 378 2758; x_wconf 88' lang='lat' dir='ltr'>trepidat,</span> <span class='ocrx_word' id='word_1_217' title='bbox 400 2683 506 2740; x_wconf 89' lang='lat' dir='ltr'>serrum</span> <span class='ocrx_word' id='word_1_218' title='bbox 526 2680 645 2757; x_wconf 88' lang='lat' dir='ltr'>aurigae</span> <span class='ocrx_word' id='word_1_219' title='bbox 665 2680 795 2756; x_wconf 89' lang='lat' dir='ltr'>rapuisse</span> <span class='ocrx_word' id='word_1_220' title='bbox 818 2679 954 2755; x_wconf 67' lang='lat' dir='ltr'>Metisci,</span> 
     </span>
    </p>

    <p class='ocr_par' dir='ltr' id='par_1_26' title="bbox 142 2759 931 2837">
     <span class='ocr_line' id='line_1_34' title="bbox 142 2759 931 2837; baseline -0.004 -17"><span class='ocrx_word' id='word_1_221' title='bbox 142 2762 239 2837; x_wconf 90' lang='lat' dir='ltr'>quue</span> <span class='ocrx_word' id='word_1_222' title='bbox 259 2761 319 2833; x_wconf 91' lang='lat' dir='ltr'>diu,</span> <span class='ocrx_word' id='word_1_223' title='bbox 341 2763 412 2820; x_wconf 93' lang='lat' dir='ltr'>dum</span> <span class='ocrx_word' id='word_1_224' title='bbox 434 2772 514 2836; x_wconf 86' lang='lat' dir='ltr'>terga</span> <span class='ocrx_word' id='word_1_225' title='bbox 535 2761 645 2819; x_wconf 87' lang='lat' dir='ltr'>dabant</span> <span class='ocrx_word' id='word_1_226' title='bbox 665 2759 795 2836; x_wconf 85' lang='lat' dir='ltr'>palantia</span> <span class='ocrx_word' id='word_1_227' title='bbox 814 2759 931 2830; x_wconf 85' lang='lat' dir='ltr'>Teucri,</span> 
     </span>
    </p>

    <p class='ocr_par' dir='ltr' id='par_1_27' title="bbox 142 2838 1206 3072">
     <span class='ocr_line' id='line_1_35' title="bbox 142 2838 1064 2917; baseline -0.003 -17"><span class='ocrx_word' id='word_1_228' title='bbox 142 2839 275 2912; x_wconf 81' lang='lat' dir='ltr'>Suffecit3</span> <span class='ocrx_word' id='word_1_229' title='bbox 294 2851 453 2917; x_wconf 86' lang='lat' dir='ltr'>postquam</span> <span class='ocrx_word' id='word_1_230' title='bbox 474 2858 555 2897; x_wconf 85' lang='lat' dir='ltr'>arma</span> <span class='ocrx_word' id='word_1_231' title='bbox 575 2838 624 2899; x_wconf 91' lang='lat' dir='ltr'>dei</span> <span class='ocrx_word' id='word_1_232' title='bbox 644 2840 684 2898; x_wconf 91' lang='lat' dir='ltr'>ad</span> <span class='ocrx_word' id='word_1_233' title='bbox 704 2838 850 2898; x_wconf 90' lang='lat' dir='ltr'>Volcania</span> <span class='ocrx_word' id='word_1_234' title='bbox 869 2849 992 2898; x_wconf 89' lang='lat' dir='ltr'>ventum</span> <span class='ocrx_word' id='word_1_235' title='bbox 1012 2847 1064 2907; x_wconf 91' lang='lat' dir='ltr'>est,</span> 
     </span>
     <span class='ocr_line' id='line_1_36' title="bbox 142 2917 1206 2994; baseline -0.002 -16"><span class='ocrx_word' id='word_1_236' title='bbox 142 2919 277 2978; x_wconf 85' lang='lat' dir='ltr'>Mortalis</span> <span class='ocrx_word' id='word_1_237' title='bbox 296 2939 407 2992; x_wconf 83' lang='lat' dir='ltr'>mucm,</span> <span class='ocrx_word' id='word_1_238' title='bbox 428 2917 536 2994; x_wconf 90' lang='lat' dir='ltr'>glacies</span> <span class='ocrx_word' id='word_1_239' title='bbox 557 2937 612 2977; x_wconf 91' lang='lat' dir='ltr'>ceu</span> <span class='ocrx_word' id='word_1_240' title='bbox 632 2917 730 2990; x_wconf 82' lang='lat' dir='ltr'>sutilis,</span> <span class='ocrx_word' id='word_1_241' title='bbox 752 2917 814 2977; x_wconf 90' lang='lat' dir='ltr'>ictu</span> <span class='ocrx_word' id='word_1_242' title='bbox 1073 2933 1128 2989; x_wconf 77' lang='lat'>740</span> <span class='ocrx_word' id='word_1_243' title='bbox 1205 2963 1206 2976; x_wconf 57' lang='lat'>,</span> 
     </span>
     <span class='ocr_line' id='line_1_37' title="bbox 142 2997 894 3072; baseline -0.004 -15"><span class='ocrx_word' id='word_1_244' title='bbox 142 2997 290 3057; x_wconf 89' lang='lat' dir='ltr'>Dissiluit:</span> <span class='ocrx_word' id='word_1_245' title='bbox 310 3000 391 3057; x_wconf 88' lang='lat' dir='ltr'>fulva</span> <span class='ocrx_word' id='word_1_246' title='bbox 411 2997 599 3072; x_wconf 90' lang='lat' dir='ltr'>resplendent</span> <span class='ocrx_word' id='word_1_247' title='bbox 619 2997 762 3072; x_wconf 88' lang='lat' dir='ltr'>fragmina</span> <span class='ocrx_word' id='word_1_248' title='bbox 778 2998 894 3056; x_wconf 87' lang='lat' dir='ltr'>harena</span> 
     </span>
    </p>

    <p class='ocr_par' dir='ltr' id='par_1_28' title="bbox 142 3075 952 3150">
     <span class='ocr_line' id='line_1_38' title="bbox 142 3075 952 3150; baseline 0.001 -18"><span class='ocrx_word' id='word_1_249' title='bbox 142 3078 220 3146; x_wconf 85' lang='lat' dir='ltr'>Ergo</span> <span class='ocrx_word' id='word_1_250' title='bbox 240 3093 341 3131; x_wconf 88' lang='lat' dir='ltr'>amens</span> <span class='ocrx_word' id='word_1_251' title='bbox 362 3075 476 3133; x_wconf 89' lang='lat' dir='ltr'>diversa</span> <span class='ocrx_word' id='word_1_252' title='bbox 495 3077 564 3150; x_wconf 86' lang='lat' dir='ltr'>fuga</span> <span class='ocrx_word' id='word_1_253' title='bbox 583 3075 657 3148; x_wconf 92' lang='lat' dir='ltr'>petit</span> <span class='ocrx_word' id='word_1_254' title='bbox 677 3094 805 3150; x_wconf 88' lang='lat' dir='ltr'>aequora</span> <span class='ocrx_word' id='word_1_255' title='bbox 824 3078 952 3147; x_wconf 88' lang='lat' dir='ltr'>Turnus,</span> 
     </span>
    </p>

    <p class='ocr_par' dir='ltr' id='par_1_29' title="bbox 142 3149 955 3232">
     <span class='ocr_line' id='line_1_39' title="bbox 142 3149 955 3232; baseline 0.009 -28"><span class='ocrx_word' id='word_1_256' title='bbox 142 3151 182 3204; x_wconf 92' lang='lat' dir='ltr'>Et</span> <span class='ocrx_word' id='word_1_257' title='bbox 202 3166 282 3232; x_wconf 80' lang='lat' dir='ltr'>nunc</span> <span class='ocrx_word' id='word_1_258' title='bbox 302 3149 369 3216; x_wconf 90' lang='lat' dir='ltr'>huc,</span> <span class='ocrx_word' id='word_1_259' title='bbox 391 3150 461 3208; x_wconf 90' lang='lat' dir='ltr'>inde</span> <span class='ocrx_word' id='word_1_260' title='bbox 481 3153 540 3209; x_wconf 93' lang='lat' dir='ltr'>hue</span> <span class='ocrx_word' id='word_1_261' title='bbox 560 3150 687 3210; x_wconf 85' lang='lat' dir='ltr'>incertos</span> <span class='ocrx_word' id='word_1_262' title='bbox 701 3151 832 3228; x_wconf 84' lang='lat' dir='ltr'>implicat</span> <span class='ocrx_word' id='word_1_263' title='bbox 852 3155 955 3226; x_wconf 71' lang='lat' dir='ltr'>orbes,</span> 
     </span>
    </p>

    <p class='ocr_par' dir='ltr' id='par_1_30' title="bbox 142 3222 929 3300">
     <span class='ocr_line' id='line_1_40' title="bbox 142 3222 929 3300; baseline 0.011 -22"><span class='ocrx_word' id='word_1_264' title='bbox 142 3222 283 3292; x_wconf 79' lang='lat' dir='ltr'>Undique</span> <span class='ocrx_word' id='word_1_265' title='bbox 304 3222 383 3278; x_wconf 90' lang='lat' dir='ltr'>enim</span> <span class='ocrx_word' id='word_1_266' title='bbox 404 3227 512 3284; x_wconf 89' lang='lat' dir='ltr'>Teucri</span> <span class='ocrx_word' id='word_1_267' title='bbox 533 3229 625 3286; x_wconf 90' lang='lat' dir='ltr'>densa</span> <span class='ocrx_word' id='word_1_268' title='bbox 645 3229 790 3288; x_wconf 90' lang='lat' dir='ltr'>inclusere</span> <span class='ocrx_word' id='word_1_269' title='bbox 811 3249 929 3300; x_wconf 89' lang='lat' dir='ltr'>corona,</span> 
     </span>
    </p>
   </div>
   <div class='ocr_carea' id='block_1_3' title="bbox 142 3295 1124 3384">
    <p class='ocr_par' dir='ltr' id='par_1_31' title="bbox 142 3295 1124 3384">
     <span class='ocr_line' id='line_1_41' title="bbox 142 3295 1124 3384; baseline 0.018 -34"><span class='ocrx_word' id='word_1_270' title='bbox 142 3300 240 3368; x_wconf 82' lang='lat' dir='ltr'>Atque</span> <span class='ocrx_word' id='word_1_271' title='bbox 260 3295 330 3352; x_wconf 90' lang='lat' dir='ltr'>hinc</span> <span class='ocrx_word' id='word_1_272' title='bbox 350 3309 433 3355; x_wconf 88' lang='lat' dir='ltr'>vasta</span> <span class='ocrx_word' id='word_1_273' title='bbox 452 3305 545 3376; x_wconf 85' lang='lat' dir='ltr'>palus,</span> <span class='ocrx_word' id='word_1_274' title='bbox 567 3304 637 3364; x_wconf 92' lang='lat' dir='ltr'>hinc</span> <span class='ocrx_word' id='word_1_275' title='bbox 656 3309 750 3365; x_wconf 89' lang='lat' dir='ltr'>ardua</span> <span class='ocrx_word' id='word_1_276' title='bbox 769 3309 888 3367; x_wconf 89' lang='lat' dir='ltr'>moenia</span> <span class='ocrx_word' id='word_1_277' title='bbox 907 3308 1036 3382; x_wconf 85' lang='lat' dir='ltr'>cingunt</span> <span class='ocrx_word' id='word_1_278' title='bbox 1073 3322 1124 3384; x_wconf 82' lang='grc'>745</span> 
     </span>
    </p>
   </div>
   <div class='ocr_carea' id='block_1_4' title="bbox 0 0 1228 3686">
    <p class='ocr_par' dir='ltr' id='par_1_32' title="bbox 0 0 1228 3686">
     <span class='ocr_line' id='line_1_42' title="bbox 0 0 1228 3686; baseline 0 0"><span class='ocrx_word' id='word_1_279' title='bbox 0 0 1228 3686; x_wconf 95' lang='lat' dir='ltr'> </span> 
     </span>
    </p>
   </div>
  </div>
 </body>
</html>
