2462 3678
153 45 210 118 33⁶
403 43 439 100 P.
470 42 659 101 veneras
673 16 911 102 MARONJS'

151 173 304 248 Quaerunt
324 191 391 248 pars
412 169 525 230 aditum
545 182 575 231 et
596 171 682 230 scalis
703 173 863 232 ascendere
884 193 993 246 muros,

151 255 219 329 Qua
238 271 302 311 rara
322 264 366 312 est
387 251 465 310 acies
485 251 699 326 interlucetque
720 271 830 311 corona

151 335 222 392 Non
243 343 304 391 tam
323 331 418 409 spissa
438 330 513 390 viris.
556 333 695 390 Telorum
718 333 868 392 effundere
888 345 994 392 contra

151 415 250 474 Omne
269 431 363 488 genus
383 412 490 472 Teucri
510 431 546 470 ac
565 410 645 470 duris
666 412 822 472 detrudere
842 413 951 486 contis,
1081 431 1140 489 51⁰

151 492 276 552 Adsueti
295 494 385 568 longo
407 510 506 550 muros
527 491 684 551 defendere
704 492 789 550 bello.

151 573 227 631 Saxa
247 591 366 649 quoque
387 571 494 630 infesto
514 572 673 630 volvebant
693 573 834 646 pondere,
856 571 882 631 si
901 593 964 648 qua

152 654 277 712 Possent
297 662 405 712 tectam
426 650 520 710 aciem
541 669 737 726 perrumpere,
760 671 830 710 curn
851 663 955 712 tamen
975 671 1076 712 omnes

153 731 267 792 Ferre
259 743 339 790 iuvat
360 732 461 791 subter
481 731 574 790 densa
594 731 741 790 testudine
762 751 855 790 casus.

153 811 290 871 Nec1am
305 812 459 870 sufficiunt
502 813 530 869 N
533 829 581 868 am
596 829 654 886 qua
668 810 794 886 globus
786 813 922 870 imminet
937 811 1052 890 ingens,
1084 832 1142 889 515

153 893 320 950 Immanem
341 889 449 950 Teucri
469 891 579 949 molem
599 892 780 966 volvuntque
800 902 959 966 ruuntque,

153 972 237 1046 Quae
257 970 358 1031 stravit
378 971 506 1029 Rutulos
526 970 586 1029 late
607 988 814 1043 annorumque
835 972 957 1031 resolvit

154 1051 304 1128 Tegmina
346 1051 412 1110 Nec
432 1060 536 1108 curant
556 1068 647 1108 caeco
668 1052 850 1110 contendere
872 1054 974 1112 Marte

152 1131 286 1207 Amplius
307 1131 433 1190 audaces
454 1128 566 1202 Rutuli,
587 1130 640 1188 sed
660 1132 769 1206 pellere
789 1131 866 1189 vallo

154 1210 314 1270 Missilibus
334 1220 453 1270 certant
1088 1231 1143 1288 5²0
1212 1235 1213 1244 ¹

152 1293 239 1351 Parte
259 1291 316 1350 alia
336 1291 498 1350 horrendus
518 1289 582 1348 visu
603 1290 762 1364 quassabat
783 1291 938 1349 Etruscam

153 1369 259 1429 Pinum
281 1381 310 1429 et
330 1369 478 1429 fumiferos
498 1369 586 1430 infert
607 1368 773 1428 Mezentius
793 1368 888 1445 ignea,

151 1452 192 1508 At
213 1452 369 1526 Messapus
389 1469 499 1525 equom
519 1448 657 1522 domitor,
680 1449 830 1524 Neptunia
850 1452 960 1525 proleS,

152 1528 307 1590 Rescindit
326 1531 436 1588 vallum
458 1540 487 1589 et
507 1530 600 1588 scalas
619 1528 651 1586 iu
672 1529 790 1588 moenia
809 1529 913 1605 poscit.

191 1612 262 1681 Vos,
285 1629 303 1670 o
325 1609 467 1685 Calliope,
488 1628 600 1685 precor,
621 1607 766 1684 adspirate
786 1609 914 1680 canenti,
1089 1630 1143 1688 525
1212 1677 1213 1684 ,

152 1691 234 1764 Quas
254 1689 295 1749 ibi
315 1701 379 1748 tum
398 1691 475 1749 ferro
495 1700 613 1764 strages,
635 1707 711 1764 quae
732 1690 833 1748 funera
853 1692 975 1748 Turnus

151 1769 294 1842 Ediderit,
315 1789 404 1845 quem
425 1768 549 1844 quisque
570 1768 663 1826 vimm
683 1767 833 1828 demiserit
852 1771 947 1845 Orco,

153 1852 192 1908 Et
212 1868 330 1908 mecum
338 1848 484 1940 ingentes
504 1867 569 1907 oras
590 1847 717 1908 evolvite
737 1848 815 1908 belli

152 1927 204 2009 [Et
224 1928 397 1988 meministis
418 1929 505 1999 enim,
528 1926 621 1999 divae,
643 1939 673 1988 et
693 1947 854 1988 memorare
875 1927 1027 2019 potestis]

190 2009 291 2067 Turris
312 2019 373 2068 erat
392 2019 476 2068 vasto
497 2019 616 2083 suspect
617 2028 636 2066 u
605 2017 687 2067 tet
707 2008 846 2084 pontibus
868 2009 941 2081 altis,
1091 2031 1145 2088 530

151 2091 330 2164 Opportuna
349 2090 424 2160 loco,
447 2088 569 2146 summis
590 2107 678 2164 quarn
699 2087 807 2146 viribus
828 2107 932 2147 omnes

152 2171 329 2245 Expugnare
351 2168 419 2227 Itali
439 2187 611 2242 summaque
632 2178 760 2227 evertere
780 2187 868 2242 opum
890 2169 920 2226 vi

151 2250 321 2320 Certabant,
341 2251 435 2307 Troes
457 2258 559 2307 contra
579 2247 736 2306 defendere
758 2247 833 2306 saxis

152 2332 265 2405 Perque
286 2347 372 2387 cavas
393 2327 477 2387 densi
497 2329 556 2386 tela
576 2327 743 2403 intorquere
763 2328 910 2386 fenestras.

151 2408 291 2484 Princeps
311 2409 464 2467 ardentem
485 2406 612 2466 coniecit
632 2408 770 2482 lampada
789 2409 905 2465 Turnus
1091 2427 1142 2488 535

151 2491 190 2548 Et
210 2490 358 2547 flammam
379 2485 480 2547 adfixit
500 2486 592 2557 lateri,
613 2505 688 2562 quae
708 2485 832 2562 plurima
851 2499 941 2547 vento

151 2567 299 2644 Corripuit
320 2569 435 2626 tabulas
456 2577 486 2626 et
506 2567 640 2642 postibus
660 2566 754 2625 haesit
774 2565 875 2626 adesis

149 2647 274 2710 Turbati
294 2647 437 2724 trepidare
458 2645 537 2706 intus
557 2647 720 2720 frustraque
741 2647 884 2704 malorum

151 2732 235 2789 Velle
256 2730 361 2806 fugam.
405 2730 486 2785 Dum
507 2745 539 2785 se
559 2727 723 2802 glomerant
743 2736 879 2800 retroque
899 2725 1036 2788 residunt

151 2813 188 2869 In
208 2819 330 2886 partem,
352 2826 428 2883 quae
448 2816 531 2882 peste
551 2816 638 2877 caret,
660 2815 722 2863 tum
742 2807 874 2880 pondere
894 2806 979 2865 tunis
1089 2829 1143 2888 54⁰

149 2888 309 2948 Procubuit
328 2885 425 2946 subito
395 2897 475 2946 tet
495 2887 609 2944 caelum
630 2894 712 2943 tonat
733 2903 822 2944 omne
843 2887 963 2962 fragore.

149 2967 318 3028 Semineces
338 2967 377 3026 ad
397 2978 511 3039 terram,
533 2963 655 3023 immani
675 2966 754 3023 mole
775 2975 883 3038 secuta,

126 3049 128 3054 ’
150 3045 325 3121 Confixique
346 3045 404 3104 suis
425 3045 491 3105 telis
511 3055 540 3104 et
561 3055 682 3120 pectora
701 3045 777 3103 duro

149 3124 314 3185 Transfossi
334 3125 416 3214 ligno
433 3123 562 3184 veniunt.
605 3123 664 3181 Vix
683 3141 759 3182 unus
782 3125 915 3183 Helenor

150 3210 189 3266 Et
210 3207 306 3278 Lycus
326 3201 424 3274 elapsi.
468 3203 601 3274 Quorum
622 3201 787 3292 primaevus
809 3205 951 3275 Helenor,
1084 3225 1137 3286 545
1212 3263 1213 3288 ,

151 3280 294 3340 Maeonio
314 3278 373 3350 regi
394 3297 482 3348 quem
504 3297 586 3335 serva
607 3279 760 3353 Licymnia
779 3282 878 3340 furtim
