2494 3702
132 69 170 126 88
379 68 416 125 P.
452 68 643 128 VERGJLI
664 69 873 128 MARONIS

128 218 191 296 Ipsi
211 216 321 277 laetitia
342 237 430 278 voces
450 218 489 277 ad
510 217 606 278 sidera
625 217 735 278 iactant

127 296 246 358 Intonsi
265 309 382 358 montes
391 320 400 372 3
427 297 511 375 ipsae
531 297 590 357 iarn
611 300 742 358 carmina
761 319 856 376 rupes,

128 380 199 455 Ipsa
218 387 325 438 sonant
345 378 482 437 arbusta:
511 380 619 449 ‘Deus‚
642 380 716 438 deus
736 378 794 453 ille,
818 380 974 440 Menalca*

127 457 172 518 Sis
192 460 289 518 bonus
310 476 329 517 o
349 457 478 532 felixque
499 457 574 518 tuisl
604 478 642 518 en
662 469 787 535 quatuor
807 479 888 520 aras:
1086 465 1129 536 65

129 540 208 598 Ecce
229 539 303 598 duas
324 537 386 610 tibi,
410 538 540 614 Daphni,
563 540 637 598 duas
657 539 758 598 altaria
779 541 911 600 Phoebo.

128 619 239 680 Pocula
259 617 328 678 bina
349 637 429 678 novo
449 617 619 696 spumantia
637 620 715 678 lacte
735 618 893 696 quotannis

130 699 325 774 Craterasque
346 699 409 758 duo
428 709 554 758 statuam
576 698 630 759 tibi
649 698 766 776 pinguis
788 699 874 773 olivi3

129 779 169 836 Et
189 779 284 837 multo
304 778 335 838 in
355 777 458 854 primis
478 778 605 838 hilarans
626 779 761 839 convivia
782 780 908 855 Baccho,

128 860 210 917 Ante
228 858 338 932 locum,
360 857 386 917 si
406 859 494 935 frigus
514 857 577 931 erit,
598 859 623 919 si
643 857 756 933 messis,
778 859 809 919 in
830 863 934 921 umbra
1089 879 1130 936 70

128 936 207 996 Vina
227 956 338 998 novum
357 939 480 998 fundam
501 939 623 998 calathis
641 938 757 999 Ariusia
777 949 883 1000 nectar.

129 1018 302 1078 Cantabunt
322 1018 392 1077 mihi
414 1021 578 1078 Damoetas
598 1031 628 1079 et
649 1019 769 1095 Lyctius
788 1022 912 1097 Aegon3

128 1098 275 1158 Saltantes
295 1101 413 1175 Satyros
432 1098 594 1159 imitabitur
614 1100 839 1176 Alphesiboeus.

130 1181 218 1238 Haec
239 1177 293 1239 tibi
314 1197 431 1254 semper
452 1191 545 1251 erunt,
567 1190 597 1239 et
618 1198 687 1238 cum
708 1179 863 1239 sollemnia
882 1191 952 1241 vota

130 1258 304 1318 Reddemus
326 1259 480 1335 Nymphis,
502 1271 532 1319 et
552 1278 622 1318 cum
642 1259 829 1319 lustrabimus
850 1279 942 1338 agros.
1089 1279 1126 1337 75

131 1341 212 1397 Dum
234 1338 300 1416 iuga
320 1338 430 1399 montis
449 1358 529 1415 aper,
550 1339 654 1398 fluvios
675 1341 747 1399 dum
767 1339 856 1416 piscis
877 1340 996 1414 amabit,

131 1420 272 1494 Dumque
293 1420 396 1495 thymo
416 1431 574 1494 pascentur
594 1438 674 1495 apes,
696 1420 769 1479 dum
789 1439 855 1480 rore
874 1420 1004 1494 cicadae,

129 1500 252 1574 Semper
271 1500 368 1558 honos
388 1518 557 1575 nomenque
577 1511 663 1558 tuum
683 1500 845 1576 laudesque
865 1502 1033 1560 manebunt.

131 1579 175 1638 Ut
196 1579 315 1638 Baccho
337 1578 504 1654 Cererique,
527 1579 581 1638 tibi
601 1578 644 1638 sic
663 1591 734 1638 vota
753 1581 912 1656 quotannis

130 1657 285 1735 Agricolae
305 1657 431 1732 facient3
460 1657 616 1719 damnabis
637 1670 669 1718 tu
690 1679 809 1736 quoque
830 1660 916 1720 votis.
1086 1664 1126 1719 80

170 1741 231 1798 Mo.
255 1739 342 1813 Quae
361 1738 424 1810 tibi,
445 1757 522 1814 quae
543 1739 594 1798 tali
614 1740 738 1799 reddam
759 1759 812 1817 pro
832 1741 962 1800 carmine
983 1742 1087 1800 dona?

131 1819 209 1878 Nam
230 1838 328 1894 neque
348 1837 396 1878 me
417 1829 533 1878 tantum
554 1817 699 1880 venientis
720 1819 821 1879 sibilus
842 1820 941 1880 Austri

131 1899 197 1957 Nec
216 1916 354 1974 percussa
375 1897 476 1958 iuvant
497 1900 588 1958 fluctu
610 1910 670 1958 tam
691 1899 783 1971 litora,
806 1919 863 1960 nec
883 1920 961 1976 quae
1000 1935 1004 1940 ·

130 1979 256 2037 Saxosas
276 1978 353 2038 inter
374 1978 532 2038 decurrunt
553 1979 674 2038 flumina
694 1981 793 2038 valles.

169 2059 228 2117 Me.
253 2060 323 2117 Hac
343 2068 445 2118 tenos
463 2059 556 2134 fragili
576 2057 753 2118 donabimus
771 2071 841 2119 ante
859 2059 963 2119 cicuta.
1087 2065 1123 2137 85

131 2140 218 2197 Haec
238 2157 293 2198 nos
315 2140 507 2198 ‘Formosum
529 2140 669 2216 Corydon
689 2140 812 2199 ardebat
831 2139 965 2212 Alexim,’

132 2220 218 2278 Haec
238 2218 343 2278 eadem
364 2218 465 2278 docuit
487 2219 603 2278 ‘cuium
623 2221 736 2294 pecus?
762 2239 801 2278 an
824 2219 1003 2280 Meliboeil'

169 2301 231 2357 Mo.
250 2301 294 2357 At
313 2309 346 2356 tu
362 2317 446 2358 sume
464 2301 585 2375 pedum,
604 2301 693 2374 quod,
712 2318 760 2358 me
779 2318 847 2357 curn
867 2319 958 2376 saepe
977 2311 1099 2376 rogaret,

131 2377 289 2437 Non'tulit
309 2377 473 2452 Antigenes
494 2377 536 2456 (et
558 2389 619 2437 erat
639 2390 711 2438 tuuc
732 2378 839 2454 dignus
861 2380 965 2459 amari)

130 2459 304 2517 Formosum
324 2457 443 2531 paribus
464 2456 551 2518 nodis
571 2468 659 2534 atque
680 2478 756 2530 aere,
778 2461 925 2518 Menalca
1087 2480 1125 2536 90

502 2732 671 2792 ECLOGA
698 2733 752 2792 Vl.

132 2940 237 2995 Pmmn
258 2933 412 3010 Syracosio
433 2934 554 3008 dignata
573 2944 618 2993 est
638 2935 739 2993 ludere
759 2953 845 2993 versu

132 3019 239 3076 Nostra
259 3033 356 3090 neque
378 3015 492 3073 erubuit
511 3014 598 3072 silvas
619 3013 751 3073 habitare
770 3013 883 3074 Thalia

131 3098 208 3160 Cum
229 3113 366 3168 canerem
387 3111 470 3168 teges
491 3104 520 3151 et
540 3093 660 3167 proelia,
684 3093 829 3168 Cynthius
849 3112 949 3152 aurem

130 3173 231 3232 Velllt'
243 3179 282 3231 et
292 3173 467 3231 admonuit:
496 3172 674 3242 ‘Pastorem
697 3171 806 3250 Tityre,
828 3172 952 3248 pingues

134 3255 274 3310 ‘Pascere
295 3260 414 3327 oportet
434 3268 512 3322 oves,
534 3241 702 3338 dediscpum'
720 3251 817 3310 dicere
837 3254 975 3312 carmen!
1107 3272 1122 3331 5

134 3332 222 3388 Nunc
242 3348 298 3404 ego
320 3329 461 3404 (namque
482 3346 570 3403 super
590 3328 644 3386 tibi
665 3341 750 3388 erunt
770 3330 821 3405 qui
842 3332 940 3391 dicere
961 3332 1073 3404 laudea,
