2462 3678
124 99 182 156 334
378 78 414 135 P.
445 78 633 138 VERGILI
646 79 861 141 MARONIS

126 207 204 278 ‘Me‚
226 224 283 279 me,
304 207 419 277 adsum,
440 205 492 281 qui
512 207 568 267 ieci
589 205 621 265 iu
640 226 689 267 me
709 209 875 268 convertite
895 212 1016 283 ferrum,

125 287 170 346 ‘O
192 284 314 346 Rutuli:
341 305 408 346 mea
428 288 505 346 fraus
527 287 623 346 omnis
630 309 639 360 ;
667 287 741 346 nihil
761 287 817 348 iste
839 308 895 349 nec
918 309 1010 350 ausus

125 368 208 425 ‘Nec
228 365 326 442 potuit
332 386 341 439 ς
367 367 483 427 caelum
504 367 562 426 hoc
582 378 612 426 et
633 367 753 427 conscia
773 367 871 428 sidera
890 381 1005 430 testor:

125 448 272 506 ‘Tantum
293 445 440 506 infelicem
460 444 586 506 nimium
606 445 709 507 dilexit
729 447 878 508 amicum!
1063 471 1127 526 43⁰
1219 489 1220 506 2

124 525 209 584 Talia
228 525 308 586 dicta
328 528 433 600 dabat;
460 526 514 586 sed
534 525 644 586 viribus
665 527 744 587 ensis
764 529 888 588 adactus

124 605 291 665 Transabiit
311 618 408 666 costas
429 614 458 666 et
478 607 608 666 candida
627 618 749 682 pectora
768 608 884 684 rumpit

123 684 260 746 Volvitur
281 688 425 763 Euryalus
444 688 514 758 leto,
535 689 734 763 pulchrosque
755 707 807 763 per
827 700 908 747 artus

126 766 154 824 It
174 785 268 838 cruor,
290 767 380 842 inque
401 785 517 826 umeros
537 766 636 826 cervix
655 769 798 843 conlapsa
817 766 980 830 recumbit:

125 847 292 922 Purpureus
312 846 403 907 veluti
423 866 491 905 curn
512 847 567 905 flos
589 846 718 906 succisus
739 857 835 907 aratro
1062 869 1124 926 435
1219 845 1221 908 j

126 926 303 1002 Languescit
324 926 460 997 moriens,
482 927 597 986 lassove
616 944 764 1002 papavera
784 928 862 986 collo

126 1007 279 1066 Demisere
299 1017 396 1084 caput,
417 1005 517 1082 pluvia
536 1024 605 1064 cum
625 1006 700 1066 sorte
720 1018 883 1083 gravantur.

124 1090 166 1146 At
187 1086 277 1146 Nisus
296 1087 353 1146 ruit
374 1086 405 1145 in
425 1085 540 1146 medios
561 1087 717 1162 solumque
737 1105 789 1162 per
809 1106 914 1148 omnes

125 1169 302 1227 Volcentem
322 1167 406 1243 petit,
428 1165 458 1224 in
479 1167 544 1225 solo
564 1167 711 1226 Volcente
731 1177 867 1226 moratur.

126 1248 226 1321 Quem
246 1247 356 1306 circum
376 1244 529 1322 glomerati
550 1246 650 1305 hostes
670 1245 742 1304 hinc
762 1245 930 1306 comminus
946 1258 1041 1324 atque
1053 1248 1121 1307 hinc

127 1327 311 1388 Proturbant.
356 1328 450 1384 Instat
469 1343 531 1384 non
552 1325 642 1384 setius
663 1344 698 1383 ac
719 1337 795 1386 rotat
815 1345 918 1386 ensem
1064 1349 1117 1400 441

127 1406 323 1478 Fulmineum,
345 1405 443 1464 donec
464 1405 568 1464 Rutuli
588 1403 743 1464 clamantis
762 1405 794 1464 in
814 1425 864 1465 ore

127 1485 270 1548 Condidit
290 1487 414 1544 adverso
435 1495 464 1544 et
485 1485 615 1544 moriens
634 1484 765 1544 animam
786 1485 907 1544 abstulit
927 1486 1016 1546 hosti

126 1569 205 1626 Tum
225 1584 313 1641 super
332 1564 500 1624 exanimum
520 1583 586 1624 sese
606 1564 730 1640 proiecit
750 1565 876 1628 amicum

127 1648 300 1716 Confossus,
320 1643 497 1720 placidaque
517 1643 559 1703 ibi
579 1644 699 1704 demum
720 1656 814 1703 morte
835 1643 952 1720 quievit.
1064 1663 1118 1722 445
1220 1659 1221 1714 ἶ

155 1724 321 1786 ,Fortunati
341 1726 447 1784 ambo!
476 1725 500 1783 si
520 1723 593 1799 quid
614 1743 681 1783 mea
700 1725 831 1783 carmina
849 1736 987 1800 possunt,

128 1808 218 1866 Nulla
238 1805 302 1865 dies
322 1823 453 1880 unquam
474 1803 599 1863 memori
619 1823 672 1863 vos
694 1803 802 1864 eximet
822 1823 905 1877 aevo,

129 1889 208 1946 Dum
231 1887 337 1945 domus
358 1887 478 1944 Aeneae
498 1883 628 1959 Capitoli
648 1882 790 1943 inmobile
811 1903 914 1942 saxum

130 1968 259 2036 Accolet,
279 1963 496 2040 imperiumque
516 1975 600 2038 pater
620 1966 775 2022 Romanus
795 1963 924 2024 habebit

167 2047 301 2105 Victores
321 2045 429 2119 praeda
451 2041 552 2101 Rutuli
572 2042 732 2118 spoliisque
752 2043 839 2119 potiti

126 2127 305 2186 Volcentem
325 2123 495 2183 exanimum
515 2123 620 2182 flentes
640 2122 671 2180 in
691 2134 786 2182 castra
805 2123 948 2184 ferebant.

129 2209 195 2264 Nec
215 2205 311 2264 minor
330 2202 361 2262 in
381 2202 482 2263 castris
502 2204 598 2261 luctus
620 2203 788 2262 Rhamnete
808 2214 925 2277 reperto

128 2284 276 2361 Exsangui
297 2293 326 2343 et
347 2281 447 2359 primis
468 2301 529 2342 una
548 2293 593 2341 tot
613 2283 705 2341 caede
725 2282 892 2358 peremptis,

128 2367 311 2440 Serranoque
333 2364 499 2438 Numaque.
544 2364 654 2438 Ingens
674 2380 834 2421 concursus
855 2362 895 2420 ad
914 2361 982 2438 ipsa
1018 2375 1020 2380 '

129 2447 261 2522 Corpora
281 2441 502 2518 seminecesque
522 2441 599 2500 viros
620 2440 779 2517 tepidaque
799 2452 949 2500 recentem

129 2526 229 2586 Caede
249 2525 347 2584 locum
369 2533 399 2582 et
418 2523 522 2598 plenos
543 2519 692 2597 spumanti
712 2521 853 2598 sanguine
873 2522 958 2587 rivos.

128 2607 323 2682 Adgnoscunt
342 2601 438 2678 spolia
457 2600 533 2661 inter
553 2620 585 2660 se
604 2602 778 2676 galeamque
799 2600 943 2660 nitentem

130 2683 261 2762 Messapi
281 2694 311 2744 et
331 2684 425 2742 multo
445 2682 580 2758 phaleras
600 2681 707 2740 sudore
726 2692 866 2756 receptas.

169 2765 287 2826 Etiam
307 2763 403 2840 prima
422 2779 501 2820 novo
521 2760 676 2838 spargebat
695 2759 807 2820 lumine
828 2770 917 2820 terras

129 2845 251 2905 Tithoni
270 2862 408 2904 croceum
428 2840 564 2917 linquens
584 2844 698 2899 Aurora
716 2839 830 2899 cubile:

130 2927 194 2984 Iam
215 2926 278 2984 sole
298 2922 404 2996 infuso,
425 2920 484 2982 iam
504 2923 592 2981 rebus
611 2921 678 2978 luce
698 2919 814 2979 retectis

130 3007 248 3063 Turnus
269 3002 300 3062 in
320 3022 401 3061 arma
419 3001 505 3073 viros,
527 2999 615 3059 armis
635 2998 831 3058 circumdatus
851 2997 925 3075 ipse,

130 3083 262 3154 Suscitat,
284 3092 455 3158 aeratasque
475 3079 553 3140 acies
573 3077 604 3138 iu
624 3077 736 3154 proelia
755 3077 833 3156 cogit

131 3161 265 3238 Quisque
286 3179 361 3228 suas,
383 3160 527 3236 variisque
547 3168 656 3218 acuunt
676 3157 840 3217 rumoribus
860 3156 925 3217 iras

130 3241 211 3318 Quin
232 3241 296 3314 ipsa
316 3238 441 3308 arrectis,
463 3239 526 3296 visu
547 3237 720 3308 miserabile,
740 3235 772 3296 in
792 3236 883 3296 hastis

130 3321 297 3390 Praefigunt
317 3313 413 3386 capita
433 3324 462 3370 et
483 3316 576 3371 multo
596 3316 724 3373 clamore
743 3326 903 3390 sequuntur
