2462 3678
375 91 616 152 AENEIDOS
638 93 725 152 LIB.
760 95 808 154 VI.
1032 115 1088 176 272

32 208 241 271 Omnibus
261 210 307 271 his
328 210 414 271 nivea
434 210 591 289 cinguntur
610 224 744 290 tempora
763 213 844 287 vitta,
1031 219 1087 292 665

33 289 164 365 Quos
193 290 431 352 circumfusos
408 311 451 351 sic
471 303 515 352 est
536 295 635 353 adfata
655 295 772 372 Sibylla,

33 371 250 432 Musaeum
271 382 340 432 ante
360 391 483 432 onmes·
511 374 643 434 medium
664 394 733 434 nam
752 374 878 467 plurima
897 377 983 436 turha

35 453 182 510 Hunc
204 453 303 524 habet,
325 464 415 529 atque
434 453 543 514 umeris
563 464 728 515 exstantem
749 455 869 533 suspicit
888 455 968 516 altis.

36 531 219 604 ‘Dicite,
241 531 339 592 felices
359 533 484 606 animae,
506 545 607 625 tuque,
628 535 740 612 optime
760 547 860 596 vates:

39 614 193 688 ‘Quae
216 611 296 690 regio
316 613 479 687 Anchisen,
500 615 565 691 quis
586 617 676 675 habet
696 617 802 677 locus?
832 616 915 676 Illius
936 637 1005 695 ergo
1031 619 1089 692 670

40 693 264 765 ‘Venimus
286 704 316 753 et
336 713 459 770 magnos
480 694 571 754 Erebi
591 696 769 756 tranavimus
789 699 909 757 amnes.¹

40 777 191 850 Atque
214 772 263 831 hic
282 793 455 850 responsum
476 774 579 852 paucis
599 775 641 835 ita
660 777 789 837 reddidit
809 778 912 837 heros.

45 853 192 913 ‘Nulli
214 865 295 914 certa
314 856 436 914 domus
427 901 436 930 ,
463 855 538 916 lucis
558 855 725 916 habitamus
745 857 855 948 opacis,

49 934 315 1011 ‘Riparumque
335 944 415 995 toros
436 946 466 994 et
485 948 569 1012 prata
588 937 718 996 recentia
737 937 805 996 rivis

52 1013 283 1075 ‘Incolimus
327 1017 387 1075 Sed
407 1035 469 1088 νοε,
491 1015 515 1075 si
535 1019 589 1076 sert
611 1016 652 1075 ita
672 1018 762 1077 corde
782 1019 927 1111 voluntas,
1032 1023 1088 1096 675

54 1098 183 1155 ‘Hoc
204 1105 338 1172 superate
358 1095 477 1172 iugum;
497 1107 527 1155 et
547 1096 653 1155 facili
645 1117 704 1156 ram
724 1098 839 1158 tramite
861 1099 979 1158 sistam!

56 1175 184 1247 Dixit,
208 1185 238 1235 et
257 1186 325 1235 ante
346 1175 413 1234 tulit
432 1195 572 1252 gressum,
593 1196 774 1254 camposque
795 1178 922 1239 nitentes

60 1259 231 1332 Desuper
249 1266 395 1327 ostentat;
415 1256 525 1316 dehinc
545 1276 661 1316 summa
680 1258 835 1318 cacumina
853 1257 998 1336 linquunt.

124 1338 172 1394 At
193 1346 276 1412 pater
296 1300 440 1396 Anchises
460 1336 578 1413 penitus
598 1338 732 1398 convalle
753 1338 856 1399 virenti

65 1418 228 1475 Inclusas
247 1415 361 1476 animas
380 1436 579 1494 superumque
600 1420 639 1477 ad
659 1421 759 1479 lumen
779 1418 869 1479 ituras
1031 1425 1090 1479 680

66 1497 249 1556 Lustrabat
269 1496 367 1556 studio
387 1499 528 1570 recolens,
550 1517 728 1575 omnemque
749 1518 867 1559 suorum

70 1581 182 1638 Forte
201 1579 372 1637 recensebat
391 1597 546 1637 numerum
566 1599 709 1656 carosque
728 1592 860 1657 nepotes,

72 1661 224 1734 Fataque
245 1660 435 1734 fortunasque
455 1659 550 1717 virum
570 1679 726 1736 moresque
746 1681 917 1755 manusque.

77 1742 184 1813 Isque
204 1736 256 1797 ubi
275 1739 447 1798 tendentem
468 1739 623 1798 adversum
643 1759 696 1816 per
714 1743 847 1816 gramina
867 1743 940 1803 vidit

77 1823 225 1890 Aenean,
246 1818 348 1878 alacris
368 1820 480 1894 palmas
500 1830 639 1895 utrasque
659 1822 790 1893 tetendit,
1030 1828 1086 1900 685

80 1900 270 1974 Effusaeque
290 1897 373 1976 genis
393 1899 538 1972 lacrimae,
561 1911 590 1960 et
611 1919 669 1960 vox
689 1901 797 1961 excidit
817 1921 887 1964 ore.

83 1978 225 2038 ‘Venisti
246 1980 376 2052 tandem,
397 1990 507 2055 tuaque
527 1992 696 2058 exspectata
715 1982 828 2058 parenti

84 2059 191 2118 ‘Vicit
211 2058 265 2119 iter
285 2061 391 2119 durum
412 2060 523 2136 pietas?
544 2061 629 2120 datur
647 2081 700 2120 ora
719 2062 803 2135 tueri,

87 2141 199 2213 ‘Nate,
218 2149 279 2213 tua,
300 2149 330 2200 et
350 2150 436 2200 notas
456 2139 558 2201 andire
578 2151 608 2202 et
628 2142 752 2202 reddere
772 2145 878 2203 voces?

86 2219 159 2280 ‘Sic
179 2219 318 2296 equidem
339 2221 483 2280 ducebam
505 2221 605 2281 animo
626 2224 769 2298 rebarque
788 2225 927 2296 futurum,
1030 2227 1089 2300 690

88 2303 263 2377 ‘Tempora
282 2299 481 2374 dinumerans,
483 2321 579 2361 —nec
599 2322 647 2362 me
668 2323 735 2363 mea
755 2321 825 2363 cura
844 2305 952 2364 fefellit.

90 2383 194 2456 ‘Quas
214 2399 269 2458 ego
289 2393 319 2441 te
339 2391 430 2441 terras
450 2393 480 2442 et
500 2393 611 2459 quanta
630 2402 683 2460 per
702 2402 832 2460 aequora
850 2396 968 2445 vectum

89 2459 251 2538 ‘Accipiol
278 2460 395 2538 quantis
416 2461 564 2536 iactatum,
586 2474 663 2536 nate,
685 2464 813 2540 periclis!

92 2543 210 2616 ‘Quam
230 2541 330 2615 metui,
352 2561 390 2603 ne
410 2541 483 2619 quid
504 2543 615 2634 Libyae
635 2544 689 2604 tibi
708 2564 815 2636 regna
817 2546 987 2607 nocerentl'

91 2623 150 2681 Ille
169 2631 283 2682 autem:
304 2625 387 2682 ‘Tua
407 2642 463 2695 me,
484 2623 608 2700 genitor,
628 2635 680 2684 tua
699 2625 787 2684 tristis
808 2625 914 2702 imago,
1030 2630 1086 2703 695

92 2702 235 2778 ‘Saepius
256 2721 421 2775 occurrens,
443 2705 517 2762 haec
537 2704 639 2763 limina
658 2705 781 2765 tendere
801 2706 906 2780 adegit.

95 2784 197 2842 ‘Stant
217 2783 277 2842 sale
297 2785 451 2860 Tyrrheno
471 2783 586 2844 classes.
629 2786 678 2843 Da
697 2784 817 2861 iungere
837 2786 978 2856 dextram,

94 2865 169 2936 ‘Da',
190 2863 318 2940 genitor;
339 2874 428 2940 teque
448 2865 586 2939 amplexu
607 2882 645 2922 ne
666 2865 804 2924 subtrahe
824 2867 943 2923 nostro)

93 2943 142 3004 Sic
162 2962 329 3004 memorans
349 2945 430 3020 largo
451 2944 521 3004 fletu
542 2944 629 3003 simul
649 2963 701 3002 ora
721 2942 840 3020 rigabat.

93 3027 154 3084 Ter
173 3034 297 3084 conatus
317 3023 359 3083 ibi
378 3025 456 3083 collo
477 3025 548 3084 dare
568 3023 706 3082 bracchia
725 3024 855 3083 circnma
1033 3042 1146 3137 766,Η
1170 3067 1174 3079 .

93 3107 154 3164 Ter
172 3105 277 3164 srustra
297 3123 471 3179 comprensa
490 3123 594 3163 manus
614 3103 715 3180 effugit
735 3103 840 3180 imago,
964 3093 986 3146 ‘3‘
1019 3107 1066 3147 11

96 3187 151 3244 Par
170 3184 285 3245 levibus
305 3183 400 3244 ventis
421 3183 591 3261 volucrique
612 3184 760 3244 simillima
780 3203 895 3244 somno.
980 3189 1032 3232 (²
1081 3197 1095 3229 1
1103 3185 1146 3242 71

135 3266 252 3325 Interea
270 3263 352 3324 videt
372 3267 489 3324 Aeneas
509 3264 539 3322 in
560 3266 636 3324 valle
655 3266 777 3325 reducta

97 3345 248 3407 seclusum
270 3362 374 3404 nemus
395 3353 424 3402 et
444 3343 567 3420 virgulta
587 3345 722 3404 sonantia
742 3343 829 3418 silvis,
