2442 3686
365 134 606 194 AENEIDOS
629 135 714 194 LIB.
741 136 820 203 XII.
1030 150 1089 209 399

95 263 191 337 Dixit,
214 273 244 322 et
263 262 401 321 adversos
421 261 513 320 telum
534 258 677 318 contorsit
696 258 727 316 in
747 260 849 318 hostes

96 348 289 417 Procurrens3
309 340 439 400 sonitum
460 341 511 398 dat
530 339 651 398 stridula
671 358 787 412 comus,
809 351 839 398 et
859 359 943 400 auras

95 427 189 486 Certa
208 433 295 482 secat.
338 420 431 480 Simul
451 421 518 487 hoe,
539 418 626 478 simul
648 419 751 494 ingens
772 422 892 490 clamor,
914 430 944 480 et
964 439 1069 480 omnes

94 503 222 563 Turbati
243 500 338 571 cunei,
360 501 559 575 calefactaque
580 499 671 557 corda
692 501 827 558 tumultu.

96 587 197 642 Hasta
217 584 328 652 volans,
349 589 382 638 ut
402 581 476 640 forte
497 598 604 638 novem
626 578 821 654 pulcherrirna
841 580 960 638 fratrum
1031 593 1089 654 270

95 666 231 739 Corpora
251 659 441 720 constiterant
461 669 571 729 contra,
592 677 667 734 quos
687 659 747 716 fida
767 669 878 718 crearat

96 745 170 802 Una
191 753 234 801 tot
254 739 382 799 Arcadio
403 739 532 798 coniunx
552 739 703 814 Tyrrhena
724 737 861 813 Gylipp0,

96 825 218 882 Horum
238 839 331 879 unum
352 819 390 878 ad
412 819 552 889 medium,
574 817 675 876 teritur
695 835 754 892 qua
774 817 868 876 sutilis
888 819 955 878 alvo

95 903 219 960 Balteus
239 911 269 959 et
288 902 413 958 laterum
434 897 582 956 iuncturas
604 898 693 956 fibula
714 897 838 967 mordet,

95 979 256 1058 Egregium
276 981 370 1038 forma
390 978 526 1037 iuvenem
548 988 578 1035 et
597 975 776 1052 fulgentibus
796 975 893 1049 armis,
1031 991 1085 1054 275

94 1060 285 1136 Transadigit
305 1069 411 1128 costas,
433 1059 570 1132 fulvaque
590 1055 715 1114 effundit
736 1075 832 1115 arena.

94 1145 139 1200 At
159 1142 268 1211 fratres,
290 1137 425 1197 animosa
444 1138 572 1214 phalanx
592 1154 776 1211 accensaque
797 1137 887 1207 luctu,

96 1223 170 1278 Pars
189 1219 302 1295 gladios
322 1217 468 1294 stringunt
488 1216 633 1286 manibus
654 1235 720 1290 pars
742 1215 850 1275 missile
870 1217 978 1275 ferrum

96 1298 275 1376 Corripiunt,
297 1297 436 1373 caecique
456 1307 552 1354 ruunt
596 1296 680 1368 Quos
700 1295 818 1370 agmina
838 1307 940 1354 contra

96 1382 276 1438 Procurrunt
297 1381 477 1436 Laurentum
483 1397 491 1448 ;
512 1374 582 1433 hinc
601 1374 685 1433 densi
706 1394 803 1434 rursus
823 1375 969 1435 inundant
1030 1379 1088 1433 280

95 1462 191 1518 Troes
211 1458 400 1534 Agyllinique
421 1467 451 1515 et
471 1453 556 1532 pictis
577 1455 708 1513 Arcades
727 1454 822 1513 armis.

95 1538 146 1598 Sic
166 1558 269 1597 omnes
289 1557 372 1596 amor
392 1555 469 1596 unus
489 1536 579 1594 habet
600 1535 757 1593 decernere
778 1537 861 1596 ferro.

96 1618 254 1694 Diripuere
274 1637 338 1676 aras
344 1638 351 1688 ;
371 1615 394 1675 it
414 1626 479 1675 toto
499 1615 617 1674 turbida
637 1617 720 1673 caelo

94 1701 273 1773 Tempestas
293 1699 427 1768 telorum,
450 1715 485 1754 ac
505 1697 613 1754 ferreus
633 1693 741 1770 ingruit
761 1695 867 1770 imber;

96 1780 292 1853 Craterasque
312 1777 453 1850 focosque
473 1777 577 1834 ferunt.
621 1774 708 1849 Fugit
729 1773 791 1850 ipse
814 1776 936 1836 Latinus
1029 1777 1084 1850 285

95 1859 234 1916 Pulsatos
255 1859 381 1915 referens
401 1855 510 1915 infecto
530 1854 649 1912 foedere
670 1852 762 1912 divos.

95 1939 251 1996 Infrenant
271 1936 320 1994 alii
341 1953 450 2006 currus,
471 1945 523 1992 aut
542 1952 666 2008 corpora
687 1934 762 1990 saltu

94 2016 265 2077 subiiciunt
285 2015 315 2073 in
336 2033 437 2090 equos,
459 2025 488 2072 et
510 2012 615 2072 strictis
636 2013 755 2071 ensibus
775 2012 892 2072 adsunt

95 2099 255 2171 Messapus
276 2114 375 2172 regern
395 2093 529 2170 regisque
549 2092 663 2168 insigne
683 2103 842 2168 gerentem,

94 2177 282 2252 Tyrrhenum
302 2176 454 2246 Aulesten,
475 2173 578 2233 avidus
598 2173 780 2231 confundere
800 2171 907 2232 foedus
1028 2195 1085 2251 290

94 2256 230 2314 Adverso
250 2264 391 2331 proterret
412 2261 490 2329 equo
497 2274 505 2325 ;
524 2252 582 2311 ruit
602 2252 650 2311 ille
671 2252 821 2324 recedens,

95 2339 135 2394 Et
156 2334 245 2394 miser
264 2333 408 2410 oppositis
428 2352 446 2390 a
466 2343 547 2408 tergo
567 2331 724 2390 involvitur
743 2331 799 2390 aris

95 2417 134 2474 In
154 2425 243 2490 caput
261 2414 353 2490 inque
372 2415 518 2472 humeros.
561 2415 601 2471 At
620 2411 747 2471 fervidus
767 2412 884 2472 advolat
904 2413 988 2472 hasta

95 2497 263 2570 Messapus,
286 2495 405 2568 teloque
426 2503 559 2551 orantem
580 2494 672 2550 multa
694 2491 796 2550 trabali

95 2576 234 2649 Desuper
252 2573 328 2632 altus
349 2591 426 2648 equo
446 2570 572 2648 gratiter
590 2571 664 2643 ferit,
686 2581 775 2646 atque
797 2571 837 2630 ita
856 2573 944 2632 fatur:
1004 2569 1082 2650 '295

96 2656 187 2712 ‘Hoc
206 2654 309 2725 habet;
330 2653 403 2711 haec
424 2651 528 2711 melior
547 2651 660 2726 magnis
681 2651 750 2709 data
769 2650 889 2710 victima
909 2651 1001 2712 divis!

95 2733 284 2793 Concurrunt
305 2732 381 2804 Itali,
404 2731 590 2807 spoliantque
611 2729 737 2788 calentia
757 2732 897 2790 membra

95 2813 209 2874 Obvius
228 2813 398 2871 ambustum
419 2821 527 2870 torrem
548 2811 718 2886 Corynaeus
739 2811 777 2867 ab
797 2828 847 2868 ara

94 2891 231 2968 Corripit,
254 2902 284 2951 et
303 2891 434 2950 venienti
456 2892 556 2966 Ebyso
576 2892 752 2966 plagamque
773 2888 877 2948 ferenti

94 2974 230 3047 Occupat
250 2991 284 3031 os
304 2971 443 3043 flammis;
464 2969 514 3030 olli
535 2969 639 3044 ingens
658 2970 750 3027 barba
769 2969 883 3040 reluxit,

93 3050 300 3127 Nidoremque
320 3052 457 3110 ambusta
477 3049 560 3109 dedit
565 3071 574 3122 3
594 3067 682 3124 super
702 3047 764 3125 ipse
784 3058 904 3109 secutus

94 3130 262 3191 Caesariem
284 3133 367 3189 laeva
388 3129 496 3189 turbati
516 3128 635 3205 corripit
654 3127 755 3200 hostis,

94 3213 291 3287 Inpressoque
311 3229 389 3286 genu
410 3209 506 3269 nitens
527 3220 620 3268 terrae
641 3207 769 3285 adplicat
788 3207 905 3284 ipsum3

93 3289 140 3350 Sic
159 3289 254 3366 rigido
274 3293 351 3349 latus
372 3305 442 3348 ense
464 3288 535 3348 ferit
580 3287 744 3346 Podalirius
764 3290 878 3361 Alsum,

94 3371 255 3443 Pastorem,
275 3369 429 3444 primaque
449 3368 512 3428 acie
531 3387 584 3443 per
603 3369 662 3426 tela
681 3377 823 3440 ruentem,
