2494 3702
407 96 681 156 GEORGICON
695 96 779 153 LIB.
802 98 849 155 II.

120 225 267 286 Fraxinus
292 228 522 301 Herculeaeque
544 228 631 286 arbos
653 229 793 285 umbrosa
817 245 945 286 coronae

120 306 313 380 Chaoniique
337 305 431 364 Patris
455 307 597 381 glandes,
626 306 716 366 etiam
741 307 834 366 ardua
855 308 958 384 palma

120 385 264 446 Nascitur
288 397 318 446 et
341 404 426 444 casus
450 386 532 445 abies
555 385 653 445 visura
676 387 813 446 marinos.

166 465 310 526 Inseritur
330 484 400 525 vero
422 475 453 524 et
474 467 536 524 fetu
558 466 642 525 nucis
666 468 787 526 arbutus
811 465 938 539 horrida,

123 549 164 606 Et
186 546 298 606 steriles
322 545 434 621 platani
457 547 551 605 malos
576 565 692 623 gessere
714 549 863 622 valentes,
1082 565 1118 624 70

122 628 291 688 Castaneae
314 628 405 701 fagus,
433 643 580 702 omusque
602 626 734 686 incanuit
755 629 825 686 albo

123 708 211 767 Flo're
234 706 298 783 piri,
324 707 521 782 glandemque
544 725 611 766 sues
633 709 744 782 fregere
767 708 821 766 sub
845 707 939 767 ulmis.
1019 707 1021 712 ’

122 788 191 846 Nec
213 789 321 846 modus
345 787 471 846 inserere
493 796 582 862 atque
607 789 709 846 oculos
731 787 885 863 imponere
909 788 1041 864 simplex.

123 869 204 925 Nam
229 885 289 942 qua
312 885 344 924 se
366 867 467 925 medio
489 867 611 925 trudunt
633 868 672 926 de
694 867 804 927 cortice
825 887 963 945 gemmae

122 949 163 1006 Et
187 958 293 1007 tenues
315 958 457 1023 rumpunt
480 946 603 1019 tunicas,
629 961 768 1023 angustus
792 947 824 1006 in
849 948 915 1024 ipso
1079 965 1115 1024 75

122 1023 172 1086 Fit
192 1029 276 1086 nodo
297 1027 396 1086 sinus:
424 1027 483 1085 huc
505 1027 602 1086 aliena
625 1032 670 1086 ex'
686 1028 790 1087 arbore
812 1047 934 1104 germen

123 1108 291 1166 Includunt
313 1108 435 1182 udoque
459 1107 569 1166 docent
591 1106 754 1166 inolescere
776 1107 870 1168 libro:

121 1191 186 1247 Aut
208 1206 322 1246 rursum
348 1189 459 1246 enodes
484 1185 579 1244 trunci
601 1198 778 1257 resecantur,
805 1199 835 1247 et
856 1189 915 1247 alte

123 1267 262 1327 Finditur
281 1266 313 1325 in
338 1266 466 1325 solidum
488 1266 589 1325 cuneis
611 1267 666 1339 via,
692 1267 803 1326 deinde
826 1269 938 1327 feraces

124 1350 248 1407 Plantae
270 1346 485 1405 immittuntur:
513 1365 570 1404 nec
593 1348 715 1421 longum
738 1358 865 1424 tempus,
891 1359 921 1407 et
943 1347 1048 1424 ingens
1076 1353 1114 1408 80

124 1428 205 1487 Exiit
222 1428 266 1488 ad
289 1428 403 1485 caelum
427 1425 514 1484 ramis
538 1425 673 1486 felicibus
697 1429 785 1487 arbos

124 1507 310 1582 Miraturque
334 1526 426 1565 novas
447 1508 566 1566 frondes
590 1517 619 1566 et
643 1526 704 1566 non
729 1527 781 1566 sua
804 1528 900 1585 poma

167 1590 320 1647 Praeterea
344 1606 437 1664 genus
459 1587 539 1647 haud
563 1606 656 1645 unum
679 1607 735 1646 nec
758 1589 882 1649 fortibus
905 1585 993 1647 ulmis

124 1670 192 1728 Nec
216 1666 297 1728 salici
319 1669 441 1742 lotoque
465 1685 563 1742 neque
589 1666 686 1726 Idaeis
711 1668 871 1744 cyparissis,

123 1751 192 1809 Nec
215 1747 340 1825 pingues
363 1766 454 1805 unam
475 1746 506 1804 in
530 1746 635 1806 faciem
659 1760 817 1807 nascuntur
840 1747 945 1820 olivae,
1075 1749 1111 1824 85

123 1829 278 1890 Orchades
302 1840 332 1887 et
355 1827 429 1886 radii
450 1838 480 1886 et
503 1846 603 1886 amara
624 1827 727 1903 pausia
748 1831 830 1900 baca,

122 1911 278 1984 Pomaque
301 1919 332 1967 et
353 1907 469 1965 Alcinoi
493 1907 590 1980 silvae,
615 1927 671 1966 nec
693 1910 824 1968 surculus
844 1907 924 1969 idem

124 1988 299 2049 Crustumiis
324 1987 471 2064 Syriisque
495 1987 563 2064 piris
585 1987 781 2064 gravibusque
803 1989 952 2048 volaemis.

124 2071 198 2128 Non
222 2069 327 2128 eadem
352 2067 505 2126 arboribus
528 2068 641 2142 pendet
663 2067 812 2127 vindemia
835 2069 950 2140 nostris,

125 2150 225 2224 Quam
249 2150 461 2224 Methymnaeo
487 2147 581 2222 carpit
605 2149 643 2208 de
667 2148 788 2222 palmite
810 2149 943 2222 Lesbos,

124 2231 200 2289 Sunt
223 2229 351 2287 Thasiae
375 2227 459 2297 vites,
483 2239 603 2287 suntet
628 2227 808 2286 Mareotides
830 2228 924 2300 albae,

125 2309 288 2385 Pinguibus
310 2310 366 2368 hae
388 2307 470 2366 terris
492 2307 613 2378 habiles,
637 2307 794 2366 levioribus
817 2306 893 2380 illae,

111 2391 166 2454 .Et
188 2409 276 2465 passo
298 2387 407 2464 psithia
430 2387 529 2446 utilior
545 2385 699 2463 tenuisque
723 2387 823 2464 lageos

125 2471 288 2528 Tentatura
310 2469 404 2544 pedes
428 2467 499 2526 olim
520 2466 710 2542 vincturaque
731 2467 870 2543 linguam,

124 2553 294 2624 Purpureae
318 2548 501 2624 preciaeque,
527 2556 557 2605 et
579 2565 639 2622 quo
662 2559 691 2605 te
713 2547 842 2606 carmine
866 2546 973 2621 dicam,
1073 2565 1108 2625 95

124 2629 290 2689 Rhaetica?
332 2631 398 2687 Nec
421 2627 502 2686 cellis
525 2624 594 2685 ideo
618 2627 766 2686 contende
790 2627 928 2686 Falernis.

124 2712 253 2770 Sunt-et
275 2708 439 2768 Aminneae
460 2707 543 2778 vites,
568 2705 734 2766 firmissima
756 2706 833 2778 vina,

124 2789 259 2849 Tmolius
283 2788 406 2864 assurgit
430 2787 536 2862 quibus
560 2797 589 2845 et
612 2805 663 2844 rex
684 2785 747 2862 ipse
769 2787 941 2860 Phanaeus;

124 2869 292 2947 Argitisque
316 2868 419 2939 minor,
438 2866 486 2925 cui
507 2885 568 2925 non
590 2867 743 2925 certaverit
764 2865 824 2923 ulla

124 2952 185 3009 Aut
207 2959 321 3008 tantum
345 2949 435 3006 fluere
456 2957 506 3005 aut
530 2944 655 3004 totidem
679 2945 784 3019 durare
806 2964 858 3020 per
882 2964 984 3006 anuos.
1055 2966 1110 3006 roo

31 3045 33 3050 ’
125 3032 196 3088 Non
218 3048 274 3106 ego
298 3038 336 3100 te,
362 3026 407 3085 dis
430 3037 460 3086 et
483 3025 592 3085 mensis
617 3035 739 3101 accepta
763 3025 908 3099 secundis,

124 3107 312 3180 Transierim,
338 3105 466 3178 Rhodia,
491 3115 521 3164 et
542 3104 672 3176 tumidis,
697 3107 841 3179 bumaste,
868 3104 1001 3167 racemis

26 3188 29 3199 “
124 3190 184 3249 Sed
208 3207 305 3263 neque
329 3205 417 3262 quam
441 3187 551 3244 multae
573 3183 694 3259 species,
722 3203 778 3243 nec
800 3184 922 3244 nomina
943 3203 1020 3260 quae
1040 3185 1107 3259 sint,

125 3271 180 3330 Est
203 3285 356 3326 numerus:
385 3283 483 3339 neque
503 3263 583 3322 enirn
603 3282 726 3322 numero
746 3266 959 3338 comprendere
980 3265 1085 3336 refert;

126 3351 225 3425 Quem
247 3346 299 3423 qui
324 3344 396 3404 scire
415 3343 495 3414 velit,
516 3341 620 3417 Libyci
640 3341 710 3399 velit
730 3341 865 3414 aequoris
889 3340 969 3398 idem
1054 3359 1107 3416 105
