2462 3678
394 602 429 664 P.
452 602 652 666 VERGILI
685 602 907 667 MARONIS

317 809 983 904 AENEIDOS

462 1041 589 1098 LIBER
623 1041 826 1100 OCTAVUS.

152 1331 203 1389 UT
223 1329 292 1390 belli
313 1329 429 1406 signum
451 1330 590 1390 Laurenti
610 1332 728 1389 Turnus
749 1332 873 1392 abarce

151 1409 269 1482 Extulit,
293 1421 322 1469 et
341 1430 431 1469 rauco
453 1421 638 1486 strepuerunt
658 1430 770 1470 cornua
791 1423 888 1484 cantu,

151 1491 253 1564 thue
274 1509 355 1549 acres
376 1489 525 1549 concussit
546 1510 646 1566 equos,
670 1502 762 1566 utque
783 1491 899 1568 impulit
921 1511 1016 1564 arma,

151 1570 309 1645 Extemplo
330 1569 437 1629 turbati
458 1570 557 1642 animi,
580 1570 666 1629 simul
687 1590 777 1630 omne
798 1573 926 1631 tumultu

150 1649 292 1709 Coniurat
313 1649 427 1725 trepido
449 1650 566 1708 Latium
587 1649 736 1725 saevitque
758 1651 892 1710 iuventus
1137 1665 1151 1726 5
1213 1723 1214 1732 ἦ

151 1729 255 1788 Effera.
300 1731 445 1788 Ductores
467 1729 552 1806 primi
575 1732 731 1806 Messapus
752 1742 782 1790 et
803 1733 898 1791 Ufens

149 1810 403 1885 Contemptorque
425 1810 515 1869 deum
537 1809 703 1869 Mezentius
723 1810 855 1886 undique
876 1822 987 1886 cogunt

149 1888 274 1960 Auxilia,
297 1900 327 1949 et
347 1890 422 1948 latos
442 1900 557 1948 vastant
578 1890 738 1950 cultoribus
758 1911 851 1967 agros.

150 1968 278 2028 Mittitur
298 1980 328 2029 et
348 1968 447 2046 magni
468 1971 602 2028 Venulus
624 1969 781 2030 Diomedis
801 1973 841 2030 ad
860 1971 972 2040 urbem,

105 2050 106 2054 ’
150 2048 209 2124 Qui
229 2059 310 2126 petat
330 2049 478 2121 auxilium,
501 2061 529 2109 et
551 2049 636 2109 Latio
657 2051 817 2110 consistere
838 2053 979 2122 Teucros,
1115 2069 1148 2106 ro

148 2131 315 2189 Advectum
337 2132 459 2189 Aenean
480 2129 573 2202 classi,
596 2129 750 2206 victosque
770 2133 897 2196 Penates

150 2211 270 2282 inferre,
292 2221 321 2269 et
342 2210 407 2268 satis
428 2229 525 2285 regern
548 2229 579 2268 se
601 2210 698 2270 dicere
719 2210 810 2286 posci,

56 2290 57 2294 ’
150 2291 291 2362 Edoceat‚
314 2291 481 2366 multasque
502 2289 564 2348 viro
585 2309 616 2349 se
637 2289 797 2367 adiungere
816 2301 919 2366 gentes

150 2369 310 2442 Dardanio,
332 2382 361 2430 et
382 2372 439 2429 late
462 2370 546 2428 Latio
567 2369 782 2430 increbrescere
803 2389 922 2429 nomen.

150 2449 231 2524 Quid
252 2460 344 2508 struat
364 2449 409 2508 his
430 2449 552 2526 coeptis,
575 2469 673 2526 quem,
696 2450 720 2508 si
741 2453 872 2510 Fortuna
892 2458 1040 2525 sequatur,
1112 2464 1143 2522 15
1213 2507 1214 2526 E

149 2531 298 2588 Eventum
319 2549 434 2606 pugnae
456 2529 564 2605 cupiat,
588 2529 769 2589 manifestius
790 2529 846 2607 ipsi

150 2611 247 2684 Quam
269 2611 372 2669 Turno
393 2610 453 2686 regi
474 2620 525 2668 aut
544 2610 605 2686 regi
626 2629 765 2686 apparere
788 2609 905 2668 Latino.

187 2689 273 2749 Talia
293 2710 346 2766 per
366 2690 491 2749 Latium.
529 2691 614 2766 Quae
636 2689 867 2750 Laomedontius
888 2690 974 2748 heros

149 2772 266 2831 Cuncta
286 2770 390 2831 videns
411 2789 519 2846 magno
540 2789 673 2829 curarum
695 2770 817 2829 fluctuat
837 2780 928 2838 aestu,

147 2854 249 2927 Atque
269 2850 401 2910 animum
422 2869 503 2910 nunc
523 2851 582 2910 huc
603 2852 736 2924 celerem,
759 2869 839 2908 nunc
860 2847 965 2908 dividit
985 2846 1063 2918 illuc,
1106 2866 1141 2904 20

148 2933 185 2992 Iu
206 2942 362 3008 partesque
382 2930 457 3007 rapit
476 2929 577 3003 varias,
600 2949 710 3007 perque
731 2929 832 2989 omnia
850 2938 953 2988 versat.

147 3011 228 3072 Sicut
249 3031 344 3087 aquae
363 3012 519 3070 tremulum
540 3011 627 3070 labris
648 3009 700 3070 ubi
720 3011 820 3069 lumen
841 3007 943 3068 anenis

147 3093 215 3152 Sole
235 3109 446 3168 repercussum,
468 3102 519 3149 aut
539 3089 678 3149 radiantis
699 3089 826 3165 imagine
848 3091 959 3159 Lunae,

148 3169 257 3232 Omnia
276 3169 431 3248 pervolitat
451 3171 509 3229 late
529 3171 604 3243 loca,
627 3171 745 3246 iamque
767 3171 821 3229 sub
843 3187 927 3228 auras
1213 3217 1214 3222 ,

148 3249 282 3326 Erigitur,
304 3249 471 3322 summique
491 3248 556 3306 ferit
576 3250 725 3324 laquearia
745 3248 822 3308 tecti.
1102 3261 1135 3320 25
1213 3313 1214 3320 ἵ

149 3331 217 3386 Nox
238 3337 307 3397 erat,
330 3335 360 3383 et
381 3335 470 3384 terras
490 3326 628 3384 animalia
649 3329 725 3388 sessa
745 3347 798 3396 per
818 3345 922 3386 omues
1213 3339 1214 3352 ³
