2494 3702
137 73 192 130 108
391 74 425 131 P,
457 73 648 133 VERGILI
662 75 875 134 MARONJS

137 209 227 266 Nunc
250 205 343 265 facilis
367 208 459 267 rubea
478 217 593 266 texatur
615 206 719 267 fiscina
743 208 832 284 virga,

137 289 227 346 Nunc
248 298 355 346 torrete
378 286 438 364 igni
462 288 566 364 fruges,
592 307 672 346 nunc
694 288 818 364 frangite
841 309 917 348 saxo.

138 367 258 444 Quippe
282 365 369 426 etiam
395 366 476 427 festis
498 369 645 444 quaedam
668 387 804 427 exercere
826 368 931 428 diebus

137 449 194 506 Fas
216 458 245 506 et
269 446 332 506 iura
356 449 473 507 sinunt:
508 449 585 509 rivos
610 449 758 508 deducere
783 450 864 508 nulla

138 527 266 603 Relligio
287 526 387 600 vetuit,
413 528 505 603 segeti
526 529 719 605 praetendere
743 547 872 604 saepem,
1075 545 1136 603 270

138 607 265 667 Insidias
290 608 393 667 avibus
417 608 522 679 moliri,
546 609 706 668 incendere
730 627 845 684 vepres,

138 689 355 763 Balantumque
376 707 495 764 gregem
519 688 608 748 fluvio
633 707 759 747 mersare
784 690 900 748 salubri.

137 770 232 844 Saepe
254 769 321 827 oleo
344 767 418 827 tardi
441 779 537 827 costas
562 768 686 844 agitator
710 768 792 827 aselli

137 849 254 907 Vilibus
275 859 327 907 aut
351 858 453 907 onerat
478 848 584 923 pomis,
610 848 800 924 lapidemque
824 860 971 910 revertens

139 929 280 987 Incusum
306 939 357 987 aut
381 939 460 988 atrae
483 948 611 987 massam
632 929 706 1005 picis
728 931 801 988 urbe
823 941 962 1005 reportat.
1075 945 1134 1006 275

179 1010 249 1084 Ipsa
273 1007 335 1068 dies
358 1009 431 1068 alios
453 1009 511 1068 alio
534 1008 617 1069 dedit
638 1008 742 1069 ordine
765 1011 852 1068 Luna

139 1090 251 1148 Felices
267 1107 396 1164 operum.
441 1089 583 1164 Quintam
608 1091 693 1165 fuge:
717 1088 845 1165 pallidus
870 1091 966 1150 Orcus

139 1167 380 1244 Eumenidesque
405 1179 504 1242 satae;
537 1180 599 1228 tum
625 1180 707 1245 partu
731 1172 823 1229 Terra
846 1171 976 1229 nefando

98 1313 111 1326 ,
139 1251 315 1339 Coeumque
339 1214 535 1325 Iapetumque
559 1261 638 1308 creat
663 1269 841 1325 saevomque
864 1252 1011 1327 Typhoea

138 1330 178 1387 Et
202 1328 370 1388 coniuratos
393 1331 509 1420 caelum
532 1329 697 1389 rescindere
722 1331 777 1388 frat
766 1341 831 1389 tres.
1073 1331 1133 1387 280

137 1411 198 1468 Ter
221 1419 289 1476 sunt
313 1409 412 1468 conati
436 1408 589 1485 imponere
614 1409 697 1469 Pelio
720 1411 826 1469 Ossam

138 1488 264 1559 Scilicet,
290 1500 379 1564 atque
404 1491 498 1550 Ossae
522 1490 694 1549 frondosum
717 1489 866 1552 involvere
891 1491 1052 1566 Olympum
1063 1510 1072 1562 ;

138 1571 198 1628 Ter
221 1580 304 1645 pater
324 1580 471 1629 extructos
493 1569 608 1629 disiecit
631 1569 753 1629 fulmine
777 1580 901 1630 montes

139 1649 270 1725 Septima
293 1660 360 1725 post
383 1650 529 1710 decimam
551 1650 622 1708 felix
644 1660 674 1708 et
697 1669 809 1726 ponere
833 1649 921 1709 vitem

139 1731 179 1788 Et
200 1748 323 1805 prensos
345 1729 491 1789 domitare
514 1732 605 1789 boves
630 1740 660 1789 et
681 1729 749 1788 licia
770 1732 846 1789 telae
1074 1731 1129 1805 285

139 1810 265 1869 Addere.
309 1811 400 1868 Nona
422 1813 508 1886 fugae
530 1810 642 1882 melior,
666 1810 811 1869 contraria
833 1808 923 1869 furtis.

180 1891 277 1948 Multa
298 1890 374 1950 adeo
396 1890 495 1966 gelida
517 1890 621 1949 melius
643 1909 674 1948 se
698 1901 787 1949 nocte
810 1891 928 1960 dedere,

139 1973 200 2029 Aut
223 1989 292 2029 cum
316 1972 378 2030 sole
400 1990 479 2030 novo
502 1981 591 2029 terras
613 1969 715 2029 irrorat
741 1973 829 2030 Eous.

140 2053 237 2109 Nocte
258 2052 337 2109 leves
358 2051 462 2110 melius
483 2050 615 2126 stipulae,
639 2060 726 2110 nocte
746 2051 828 2109 arida
848 2060 930 2125 prata
1004 2104 1006 2108 ,

139 2131 323 2203 Tondentur,
349 2143 452 2191 noctes
474 2133 570 2190 lentus
593 2149 654 2189 non
679 2130 779 2189 deficit
800 2149 892 2189 umor.
1073 2149 1131 2204 290

140 2213 179 2270 Et
203 2212 324 2286 quidam
345 2231 425 2271 seros
445 2211 560 2270 hiberni
580 2211 618 2270 ad
639 2210 758 2269 luminis
779 2209 862 2285 ignes

140 2290 304 2366 Pervigilat,
329 2293 463 2367 ferroque
487 2292 567 2350 faces
591 2289 716 2366 inspicat
741 2303 848 2364 acut03

141 2373 259 2430 Interea
281 2373 401 2446 longum
425 2382 513 2430 cantu
536 2373 630 2430 solata
653 2372 785 2430 laborem

140 2454 252 2527 Arguto
273 2450 404 2509 coniunx
424 2451 564 2526 percurrit
584 2449 702 2526 pectine
723 2451 804 2522 telas,

142 2535 201 2589 Aut
220 2530 314 2590 dulcis
335 2531 423 2589 musti
443 2532 579 2590 Volcano
601 2531 741 2607 decoquit
761 2549 895 2590 umorem
1072 2547 1129 2605 295

140 2613 180 2670 Et
200 2611 277 2670 foliis
297 2611 408 2670 undam
430 2610 537 2687 trepidi
557 2611 714 2686 despumat
733 2611 828 2670 aheni.

140 2694 180 2750 At
200 2691 364 2749 rubicunda
385 2693 475 2752 Ceres
494 2690 593 2751 medio
615 2688 773 2750 succiditur
793 2701 884 2760 aestu,

142 2773 179 2829 Et
200 2771 299 2829 medio
322 2782 413 2830 tostas
434 2783 516 2830 aestu
537 2770 604 2830 terit
624 2789 692 2828 area
713 2772 816 2846 fruges.

141 2851 247 2909 Nudus
268 2870 326 2922 ara,
348 2871 410 2910 sere
431 2852 529 2911 nudus
540 2872 548 2922 ;
582 2851 698 2926 hiemps
718 2849 823 2925 ignava
843 2851 959 2908 colono

141 2930 308 3006 Frigoribus
328 2942 413 3005 parto
434 2932 579 3007 agricolae
598 2933 771 3007 plerumque
792 2931 931 3001 fruuntur,
1071 2948 1132 3003 300

142 3013 309 3084 Mutuaque
330 3010 406 3069 inter
425 3030 457 3069 se
478 3011 547 3070 laeti
568 3009 702 3069 convivia
721 3019 831 3068 curant

142 3089 252 3147 Invitat
271 3089 393 3164 genialis
414 3089 529 3163 hiemps
550 3107 692 3164 curasque
713 3091 840 3159 resolvit,

142 3169 206 3225 Ceu
226 3185 344 3241 pressae
367 3186 436 3224 cum
457 3165 515 3224 iam
536 3176 654 3241 portum
675 3168 794 3242 tetigere
815 3165 931 3226 carinae

143 3246 297 3320 Puppibus
318 3255 348 3302 et
369 3244 438 3304 laeti
458 3255 566 3302 nautae
587 3244 753 3317 imposuere
774 3264 907 3304 coronas.

142 3325 200 3382 Sed
221 3335 319 3382 tamen
341 3335 370 3381 et
391 3342 517 3398 quernas
538 3323 659 3397 glandes
680 3333 743 3380 tum
765 3324 905 3398 stringere
927 3334 1044 3399 tempus
1071 3344 1128 3402 305
