2442 3686
271 179 281 190 s
347 107 589 167 AENEJDOS
611 107 698 165 rra.
723 109 800 166 xm
1012 125 1071 180 409

63 235 206 305 Turnus,
227 241 257 291 et
277 233 383 292 obtutu
403 228 494 289 tacito
514 228 610 303 stetit;
629 239 744 289 aestuat
764 229 868 306 ingens

67 316 153 374 Uno
173 311 205 371 in
225 313 315 372 corde
336 311 433 387 pudor
452 309 604 385 mixtoque
624 309 739 369 insania
757 312 840 370 luctu

68 396 117 452 Et
137 391 219 452 furiis
239 391 365 469 agitatus
385 409 469 450 amor
488 401 519 450 et
539 389 658 449 conscia
677 389 776 450 virtus.

69 475 122 534 Ut
144 473 269 549 primum
290 470 440 531 discussae
460 471 583 529 umbrae
604 480 634 530 et
654 471 705 529 lux
724 469 840 531 reddita
859 470 960 545 menti,

69 553 226 613 Ardentes
246 553 401 612 oculorum
422 551 508 610 orbes
529 551 568 610 ad
589 550 707 610 moenia
728 550 812 610 torsit
1013 553 1072 626 670

68 632 237 707 Turbidus,
259 650 336 708 eque
356 629 428 690 rotis
448 649 586 706 magnam
606 630 734 706 respexit
754 631 793 690 ad
814 633 925 693 urbem

72 716 160 772 Ecce
179 723 288 783 autem,
309 710 435 770 flammis
455 709 531 770 inter
551 712 683 770 tabulata
702 713 820 771 volutus

72 794 128 852 Ad
150 794 265 852 caelum
285 792 418 851 undabat
438 800 538 850 vertex
558 790 717 866 turrimque
739 793 868 863 tenebat,

72 872 205 944 Turrim,
227 871 391 947 compactis
412 869 543 931 trabibus
563 889 653 947 quam
674 872 814 930 eduxerat
834 871 898 947 ipse

72 953 314 1028 Subdideratque
335 962 413 1010 rotas
434 962 600 1027 pontesque
621 951 792 1010 instraverat
812 953 895 1011 altos
1012 952 1070 1027 675

74 1036 165 1092 ‘Iam
186 1033 245 1091 iam
265 1033 334 1104 fata,
356 1050 439 1090 soror
458 1041 615 1107 superaut;
635 1030 744 1090 absiste
764 1030 871 1091 morari
877 1051 885 1103 ;

74 1115 168 1189 ‘Quo
188 1113 263 1172 deus
283 1122 313 1170 et
333 1131 395 1187 quo
415 1112 489 1169 dura
508 1121 595 1171 vocat
616 1112 755 1184 Fortuna,
778 1130 941 1187 sequamur.

74 1195 163 1254 ‘Stat
183 1194 315 1253 conferre
335 1209 458 1250 manum
477 1194 606 1262 Aeneae,
629 1201 695 1263 stat,
717 1189 863 1267 quidquid
883 1191 982 1251 acerbi
1004 1202 1056 1263 est,

74 1276 200 1333 ‘Morte
220 1272 296 1349 pati;
317 1290 414 1348 neque
434 1289 482 1330 me
503 1270 682 1342 indecorem,
703 1290 851 1347 germana,
873 1271 987 1331 videbis

74 1352 242 1430 ‘Ammius
280 1353 380 1424 Hunc,
397 1370 460 1424 oro,
475 1349 538 1410 sine
559 1370 608 1410 me
628 1352 722 1410 furere
743 1362 812 1410 ante
832 1352 977 1412 furorem!
1013 1353 1071 1409 680

75 1432 172 1504 Dixit,
195 1442 225 1492 et
245 1451 262 1492 e
283 1450 369 1490 curru
390 1432 497 1490 saltum
518 1431 601 1490 dedit
621 1428 704 1490 ocius
724 1430 808 1504 arvis,

74 1516 196 1590 Perque
216 1514 325 1585 hostes,
346 1530 399 1587 per
419 1504 477 1570 tiela
497 1512 561 1583 ruit,
583 1522 786 1588 maestamque
807 1530 937 1572 sororem

76 1591 206 1667 Deserit,
228 1611 264 1651 ac
284 1592 389 1668 rapido
409 1610 496 1650 cursu
517 1590 615 1651 media
635 1592 752 1668 agmina
772 1592 889 1669 rumpit.

74 1675 125 1731 Ac
145 1671 236 1732 veluti
255 1671 365 1731 montis
386 1689 488 1730 saxum
509 1671 547 1730 de
567 1672 675 1731 vertice
696 1691 837 1748 praeceps

76 1755 158 1816 Cum
179 1751 243 1826 ruit,
266 1753 400 1812 avolsum
420 1761 518 1822 vente,
541 1769 594 1810 seu
615 1752 747 1811 turbidus
768 1753 863 1812 imber
1011 1754 1069 1828 685

76 1832 201 1904 Proluit,
222 1843 273 1892 aut
294 1831 378 1890 annis
399 1829 485 1890 solvit
505 1833 644 1906 sublapsa
664 1841 807 1903 vetustas;

76 1914 182 1972 Fertur
202 1911 233 1971 in
253 1913 410 1988 abruptum
431 1929 540 1987 magno
560 1929 647 1970 mons
667 1910 808 1987 inprobus
828 1923 905 1985 actu,

75 1994 272 2068 Exsultatque
293 1994 365 2064 solo,
388 1990 474 2050 silvas
495 2001 627 2050 armenta
646 1991 783 2068 virosque

76 2075 239 2133 Involvens
260 2091 373 2131 secum:
395 2069 516 2130 disiecta
536 2090 589 2147 per
608 2071 727 2147 agmina
747 2071 865 2131 Turnus

75 2153 127 2214 Sic
147 2152 226 2212 urbis
245 2151 303 2211 ruit
322 2152 361 2210 ad
382 2170 489 2223 muros,
511 2151 562 2210 ubi
581 2152 707 2227 plurima
726 2152 793 2212 fuso
1012 2154 1071 2228 690

75 2232 226 2310 Sanguine
248 2243 323 2291 terra
342 2231 452 2304 madet,
475 2230 659 2307 striduntque
681 2231 833 2292 hastilibus
854 2252 963 2307 aurae3

74 2313 287 2389 significatque
307 2330 407 2384 manu,
428 2322 459 2371 et
479 2329 587 2386 magno
608 2311 694 2370 simul
715 2311 818 2388 incipit
838 2332 906 2373 ore:

76 2393 215 2452 ‘Parcite
234 2391 301 2466 iam,
325 2390 436 2462 Rutuli,
459 2401 489 2451 et
509 2410 562 2450 vos
582 2393 642 2450 tela
661 2391 802 2466 inhibete,
825 2392 922 2452 Latini
928 2415 937 2467 ;

77 2475 314 2550 ‘Quaecumque
334 2482 379 2531 est
400 2473 538 2543 Fortuna,
561 2490 628 2530 mea
648 2482 706 2532 est:
727 2491 775 2532 me
794 2474 891 2534 verius
910 2493 1002 2533 unum

77 2557 157 2613 ‘Pro
177 2552 262 2612 vobis
281 2552 387 2612 foedus
407 2552 495 2622 luere,
518 2562 548 2610 et
568 2552 725 2612 decernere
745 2554 838 2613 ferro!
1011 2556 1068 2630 695

77 2633 249 2694 Discessere
270 2651 375 2692 omnes
394 2631 494 2701 medii,
517 2631 703 2707 spatiumque
724 2634 841 2694 dedere.

118 2716 159 2772 At
179 2723 263 2790 pater
282 2714 409 2784 Aeneas,
431 2710 532 2771 audito
553 2710 675 2770 nomine
695 2711 798 2785 Turni,

78 2792 197 2853 Deserit
217 2803 246 2852 et
267 2811 375 2864 muros,
399 2801 428 2850 et
449 2810 578 2850 summas
598 2791 706 2850 deserit
725 2811 816 2864 arces,

78 2872 315 2949 Praecipitatque
335 2890 432 2931 moras
453 2889 565 2942 omnes,
579 2889 678 2947 opera
698 2871 798 2930 omnia
818 2872 935 2948 rumpit,

79 2953 205 3013 laetitia
225 2954 381 3023 exsultans,
402 2951 640 3028 horrendumque
660 2950 776 3011 intonat
796 2951 896 3012 armis:
1012 2969 1070 3028 700

80 3036 217 3109 Quantus
238 3033 340 3104 Athos,
362 3040 414 3090 aut
434 3041 563 3108 quantus
585 3034 670 3106 Eryx,
692 3043 745 3092 aut
765 3032 837 3108 ipse,
859 3031 989 3093 coruscis

80 3116 157 3175 Cum
176 3111 272 3172 fremit
291 3111 415 3182 ilicibus,
437 3123 573 3188 quantus,
595 3111 762 3188 gaudetque
782 3112 870 3172 nivali

79 3192 198 3252 Vertice
219 3212 251 3252 se
271 3193 409 3251 attollens
429 3200 513 3266 pater
533 3193 728 3268 Appenninus
748 3193 788 3252 ad
808 3213 899 3253 auras.

82 3276 145 3333 Iam
165 3291 236 3333 vero
257 3282 286 3332 et
308 3270 411 3330 Rutuli
432 3270 565 3329 certatim
587 3282 617 3330 et
636 3275 730 3331 Troes
751 3283 780 3332 et
801 3293 905 3335 omnes

82 3356 261 3414 Convertere
281 3352 383 3411 oculos
404 3350 479 3422 Itali,
502 3350 612 3427 quique
631 3353 691 3410 alta
711 3355 853 3414 tenebant
1011 3366 1068 3427 705
