2460 3686
134 81 190 138 170
386 68 422 126 P.
458 67 650 128 VERGILI
670 67 882 128 MARONIS

134 191 259 253 Miratur
279 194 389 254 molem
409 197 537 266 Aeneas,
559 193 684 272 magalia
705 196 865 271 quondam,

135 273 261 334 Miratur
281 286 380 351 portas
402 275 615 352 strepitumque
635 286 666 335 et
686 285 776 336 strata
796 276 915 336 viarum.

135 356 252 414 Instant
271 355 408 416 ardentes
428 355 519 433 Tyrii,
541 375 608 432 pars
629 356 738 416 ducere
759 376 859 416 muros

134 433 294 512 Molirique
315 453 412 495 arcem
434 447 464 496 et
484 435 621 496 manibus
641 436 816 497 subvolvere
837 457 915 508 saxa,

135 517 206 574 Pars
227 525 329 591 optare
350 517 450 576 locum
471 527 550 576 tecto
571 527 602 575 et
623 517 802 578 concludere
824 519 914 577 sulco

134 595 204 654 Iura
224 595 468 672 magistratusque
488 597 589 672 legunt
609 607 805 672 sanctumque
827 608 969 657 senatum.

136 673 198 734 Hic
219 686 321 752 portus
341 674 391 734 alii
412 676 557 736 effodiunt
562 697 572 749 ;
598 675 669 735 hinc
690 679 751 736 lata
770 677 891 736 theatris

135 754 341 815 Fundamenta
360 766 465 832 petunt
486 755 543 826 alii,
564 754 758 833 inmanesque
779 758 932 818 columnas

135 834 273 911 Rupibus
292 835 440 908 excidunt,
461 835 576 896 scaenis
597 837 707 896 decora
725 838 784 896 alta
805 838 922 900 futuris:

116 891 242 991 Qualis
262 933 335 992 apes
355 926 467 976 aestate
487 935 565 976 nova
585 936 640 994 per
659 919 749 977 florea
769 937 836 977 rura

136 997 260 1054 Exercet
280 996 336 1055 sub
357 997 420 1056 sole
439 997 532 1069 labor,
554 1016 622 1055 cum
642 996 739 1074 gentis
760 999 878 1058 adultos

136 1075 278 1134 Educuut
298 1077 383 1149 fetus,
406 1087 457 1136 aut
477 1095 547 1135 curn
567 1077 711 1153 liquentia
730 1079 820 1137 mella

139 1154 264 1231 Stipant,
286 1166 316 1214 et
337 1155 418 1215 dulei
440 1155 612 1216 distendunt
633 1167 751 1216 nectare
771 1159 868 1231 cellas,

138 1238 197 1294 Aut
217 1254 308 1294 onera
328 1235 477 1312 accipiunt
495 1235 676 1310 venientum,
697 1248 748 1297 aut
768 1237 887 1314 agmine
905 1239 987 1299 facto

136 1316 282 1391 Ignavum
302 1315 385 1375 fucos
405 1335 496 1392 pecus
517 1336 535 1376 a
554 1317 748 1394 praesepibus
768 1329 887 1392 arcent;

137 1397 242 1455 Fervet
263 1413 349 1471 opus,
370 1397 564 1472 redolentque
585 1398 688 1474 thymo
709 1398 867 1474 fragrantia
887 1400 984 1460 mella

137 1476 179 1536 ⁴0
200 1475 348 1549 fortunati,
370 1494 497 1552 quorum
518 1477 576 1536 iam
596 1476 715 1536 moenia
736 1479 884 1555 surguntl’

135 1560 254 1616 Aeneas
275 1554 324 1628 ait,
347 1566 377 1615 et
398 1556 512 1633 fastigia
532 1556 655 1633 suspicit
674 1557 762 1618 urbis.

138 1638 230 1696 Infert
251 1655 283 1696 se
303 1646 421 1712 saeptus
442 1637 551 1696 nebula
572 1637 718 1714 (mirabile
739 1637 834 1716 dictu)

177 1798 277 1858 Lucus
297 1796 328 1855 in
349 1800 423 1856 urbe
443 1796 498 1856 fuit
518 1797 624 1870 media,
646 1796 822 1858 laetissimus
843 1801 975 1873 umbrae,

137 1877 207 1952 Quo
227 1876 354 1954 primum
375 1875 474 1936 iactati
494 1877 582 1937 undis
603 1888 632 1938 et
652 1877 769 1938 turbine
790 1879 885 1940 Poeni

137 1958 276 2017 Effodere
296 1958 364 2018 loco
385 1955 508 2034 signum,
532 1958 613 2033 quod
634 1958 713 2035 regia
734 1961 813 2019 Iuno
925 2014 928 2019 .

138 2039 327 2111 Monstrarat,
348 2049 441 2113 caput
460 2037 534 2096 acris
555 2037 638 2115 equi:
669 2038 712 2098 sic
732 2059 803 2099 nam
823 2041 884 2102 fore
904 2041 986 2101 bello

137 2117 292 2196 Egregiam
314 2127 344 2178 et
364 2117 480 2177 facilem
501 2117 580 2178 victu
601 2137 655 2195 per
675 2121 794 2180 saecula
812 2131 938 2197 gentem.

137 2199 199 2257 Hic
220 2199 363 2275 templum
384 2196 492 2258 Iunoni
512 2196 617 2274 ingens
638 2197 761 2259 Sidonia
781 2201 864 2260 Dido

137 2278 304 2350 Condebat,
326 2277 413 2338 donis
434 2279 610 2355 opulentum
630 2289 660 2338 et
680 2279 803 2340 numine
824 2280 920 2354 dnae,

134 2361 233 2417 Aerea
252 2357 300 2417 cui
320 2359 460 2435 gradibus
481 2359 639 2436 surgebant
658 2359 761 2420 limina
780 2379 934 2438 nexaeque

136 2441 214 2498 Aere
234 2439 340 2510 trabes,
362 2437 473 2498 foribus
494 2440 585 2499 cardo
606 2439 747 2500 stridebat
768 2440 856 2501 aenis

137 2520 209 2577 Hoc
229 2518 357 2595 primum
378 2517 409 2576 in
430 2520 498 2579 luco
518 2538 597 2579 nova
615 2539 662 2579 res
683 2521 785 2581 oblata
804 2521 941 2581 timorem

136 2597 253 2672 Leniit3
273 2596 322 2657 hic
342 2597 470 2674 pn'mum
491 2601 609 2658 Aeneas
630 2619 746 2675 sperare
766 2603 892 2661 salutem

135 2681 235 2738 Ausus
256 2688 287 2738 et
306 2677 431 2738 adflictis
452 2679 558 2739 melius
579 2680 729 2740 confidere
748 2683 845 2742 rebus.

136 2760 275 2836 Namque
296 2761 352 2820 sub
372 2758 486 2835 ingenti
505 2760 609 2819 lustrat
630 2762 701 2819 dum
723 2760 837 2838 singula
857 2763 972 2837 templo

136 2838 284 2915 Reginam
304 2839 471 2916 opperiens,
494 2841 574 2912 dum,
596 2859 672 2916 quae
692 2842 810 2901 fortuna
829 2841 867 2901 sit
887 2841 961 2913 urbi,

134 2919 349 2995 Artificumque
370 2939 476 2979 manus
495 2919 572 2980 inter
591 2940 624 2980 se
644 2940 826 2997 operumque
846 2921 979 2982 laborem
1074 2942 1135 3002 455

137 2997 271 3071 Miratur,
293 2998 375 3060 videt
395 2999 501 3059 Iliacas
522 3020 560 3060 ex
580 3001 684 3061 ordine
704 3021 817 3078 pugnas

138 3080 280 3152 Bellaque
300 3077 360 3138 iam
381 3080 459 3138 fama
480 3091 575 3139 toturn
596 3082 714 3155 volgata
733 3100 786 3158 per
806 3081 916 3156 orbem,

137 3156 256 3214 Atridas
278 3156 487 3231 Priamumque
508 3169 539 3216 et
559 3177 678 3219 saevom
700 3161 847 3220 ambobus
868 3161 1022 3222 Achillem.

137 3233 288 3306 Constitit,
310 3246 341 3293 et
361 3235 516 3294 lacrimans
539 3237 627 3309 ‘Quis
647 3237 707 3296 iam
728 3241 830 3310 locus,’
851 3239 957 3315 inquit,
979 3245 1129 3318 ‘Achate'

138 3313 237 3387 ‘Quae
257 3311 338 3388 regio
360 3311 390 3372 in
410 3312 493 3372 terris
513 3314 606 3373 nostri
626 3335 687 3374 non
708 3318 798 3392 plena
817 3319 949 3380 laboris?
1073 3329 1135 3396 460
