2460 3686
152 83 206 142 186
413 81 450 140 P.
480 80 672 140 VERGILI
686 80 899 142 MARONIS

153 206 313 285 Accipiunt
334 205 439 282 socios,
460 219 549 285 atque
569 206 688 284 agmina
707 208 828 270 conscia
847 208 980 288 iungunt

191 292 346 366 tTempus
366 299 438 361 erat,
459 307 520 365 quo
540 288 635 365 prima
655 287 739 364 quies
760 289 932 350 mortalibus
954 291 1049 368 aegris

155 368 273 447 Incipit,
294 379 324 429 et
345 369 427 429 dono
447 367 548 429 divom
569 367 733 444 gratissima
751 368 849 446 serpit.

155 452 191 510 In
212 449 333 520 somnis,
356 468 434 522 ecce,
456 459 526 509 ante
546 449 649 509 oculos
669 448 880 510 maestissimus
902 453 1020 511 Hector
1104 469 1166 527 ²70

153 530 243 590 Visus
263 530 368 590 adesse
388 528 468 601 mihi,
490 530 645 605 largosque
666 530 818 589 effundere
838 530 933 603 fletus,

154 613 301 687 Raptatus
321 607 405 687 bigis,
426 619 459 669 ut
480 609 642 685 quondam,
662 618 784 685 aterque
804 620 927 670 cruento

155 692 286 762 Pulvere,
308 708 420 766 perque
440 691 532 766 pedes
554 689 691 748 traiectus
712 690 775 749 lora
794 699 949 750 tumentes.

155 769 217 830 Hei
238 768 318 846 mihi,
341 768 434 846 qualis
455 773 534 829 eratl
559 780 704 844 quantum
724 780 855 829 mutatus
875 772 914 830 ab
934 771 985 831 illo

155 851 297 923 Hectore,
319 849 371 926 qui
391 848 467 909 redit
488 848 606 909 exuvias
626 847 746 909 indutus
767 849 886 923 Achilli,
1103 869 1161 928 275

153 931 211 990 Vel
232 932 372 990 Danaum
394 928 536 1006 Phrygios
557 928 702 988 iaculatus
721 929 870 1005 puppibus
891 930 991 1007 ignesl

154 1011 343 1086 Squalentem
365 1010 496 1080 barbam,
519 1020 549 1069 et
569 1020 723 1069 concretos
744 1010 887 1086 sanguine
907 1011 1010 1082 crines,

153 1091 343 1167 Volneraque
362 1089 413 1149 illa
431 1107 545 1166 gerens,
566 1107 643 1163 quae
663 1088 773 1148 circum
793 1089 919 1165 plurima
938 1109 1040 1150 muros

155 1170 281 1247 Accepit
300 1169 418 1246 patrios.
461 1171 549 1230 Ultro
569 1169 643 1228 flens
664 1169 727 1246 ipse
748 1169 870 1229 videbar

156 1251 343 1326 Compellare
363 1250 467 1323 virum,
489 1259 519 1309 et
539 1260 666 1308 maestas
686 1267 858 1326 expromere
879 1269 987 1311 voces:
1104 1255 1162 1310 280

157 1331 201 1391 ‘O
222 1333 272 1389 lux
293 1330 471 1401 Dardaniae,
493 1348 561 1406 spes
582 1349 601 1389 o
621 1328 764 1388 fidissima
782 1331 941 1404 Teucrum,

156 1411 260 1485 ‘Quae
267 1418 379 1470 *tantae
400 1420 521 1469 tenuere
542 1412 662 1469 morae?
690 1409 798 1485 quibus
820 1411 935 1468 Hector
955 1410 993 1469 ab
1015 1410 1076 1469 oris

158 1493 352 1567 ‘Exspectate
372 1489 477 1550 venis?
504 1501 537 1548 ut
556 1500 586 1548 te
606 1499 674 1565 post
695 1491 790 1548 multa
808 1500 925 1549 tuorum

156 1572 297 1642 ‘Funera
318 1581 386 1648 post
406 1569 502 1629 varios
523 1569 736 1644 hominumque
756 1568 897 1645 urbisque
916 1570 1034 1630 labores

157 1651 291 1711 ‘Defessi
311 1650 485 1728 aspicimusl
514 1668 589 1726 quae
610 1668 700 1708 causa
719 1648 841 1725 indigna
861 1668 981 1710 serenos
1010 1645 1021 1662 “
1102 1653 1160 1728 285

158 1731 317 1791 ‘Foedavit
336 1733 455 1791 voltus?
481 1740 531 1789 aut
552 1749 603 1788 cur
622 1731 697 1788 haec
717 1730 837 1789 volnera
858 1731 981 1789 cerno?'

156 1812 211 1870 Ille
231 1811 322 1886 nihil;
341 1830 398 1870 nec
418 1829 467 1870 me
488 1819 678 1886 quaerentem
698 1829 774 1868 vana
794 1819 941 1870 moratur:

156 1893 215 1951 Sed
234 1891 359 1968 graviter
378 1889 503 1968 gemitus
524 1888 585 1948 imo
606 1891 645 1948 de
665 1901 786 1966 pectore
807 1891 928 1962 ducens,

158 1974 264 2032 ‘Heul
292 1973 368 2048 luge,
390 1981 460 2030 nate
481 1970 546 2041 dea,
568 1981 658 2045 teque
678 1969 746 2041 his,’
767 1969 817 2041 ait,
839 1970 936 2046 ‘eripe
956 1969 1094 2032 flammis

158 2052 281 2112 ‘Hostis
302 2054 392 2112 habet
414 2069 531 2122 muros,
551 2049 608 2108 ruit
629 2050 690 2108 alto
711 2069 729 2108 a
749 2049 878 2109 culmine
899 2050 997 2109 Troia
1100 2072 1161 2129 290

158 2133 226 2192 ‘Sat
246 2132 357 2208 patriae
379 2131 555 2205 Priamoque
576 2131 686 2188 datum.
722 2129 752 2189 Si
773 2132 917 2206 Pergama
936 2131 1040 2190 dextra

158 2212 305 2272 ‘Defendi
324 2222 455 2288 possent,
478 2210 566 2269 etiam
587 2211 644 2267 hac
665 2209 788 2268 defensa
807 2209 938 2269 fuissent.

157 2294 261 2352 ‘Sacra
282 2310 409 2367 suosque
429 2290 482 2350 tibi
503 2290 695 2349 commendat
715 2289 806 2348 Troia
826 2292 952 2350 Penates
962 2311 971 2363 3

158 2374 243 2430 ‘Hos
264 2391 338 2448 cape
358 2373 485 2431 satorum
506 2369 630 2429 comites
640 2391 648 2442 3
669 2368 714 2429 his
735 2369 855 2429 moenia
874 2388 991 2446 quaere,

158 2453 289 2526 ‘Magna
308 2461 455 2527 pererrato
477 2460 587 2509 statues
608 2468 684 2524 quae
705 2449 834 2526 denique
851 2451 966 2529 ponto!
1101 2469 1159 2530 295

156 2531 204 2591 Sic
224 2530 273 2604 ait,
294 2541 325 2591 et
344 2530 482 2589 manibus
502 2529 588 2588 vittas
607 2532 789 2604 Vestamque
810 2531 964 2605 polentem

156 2615 377 2686 Aeternumque
397 2609 492 2686 adytis
514 2610 595 2668 effert
615 2609 813 2685 penetralibus
834 2608 940 2684 ignem.

197 2691 342 2750 ‘Diverso
363 2689 474 2749 interea
494 2689 655 2748 miscentur
675 2689 794 2748 moenia
814 2691 894 2748 luctu
905 2709 914 2761 ;

157 2775 196 2831 Et
217 2771 310 2848 magis
331 2781 420 2846 atque
441 2767 541 2844 magis,
564 2787 745 2845 quamquam
766 2779 880 2828 secreta
899 2767 1029 2843 parentis

155 2852 304 2912 Anchisae
324 2850 433 2910 domus
453 2847 664 2924 arboribusque
686 2850 806 2908 obtecta
826 2847 954 2918 recessit,
1098 2869 1159 2925 300

156 2933 331 2992 Clarescunt
350 2931 471 3003 sonitus,
495 2946 702 3002 armorumque
722 2927 830 3004 ingruit
849 2929 959 2987 horror.

156 3009 296 3070 Excutior
316 3027 431 3080 somno,
452 3019 483 3068 et
503 3007 610 3066 summi
630 3007 746 3084 fastigia
766 3007 836 3068 tecti

156 3093 291 3148 Ascensu
312 3105 427 3161 supero,
448 3097 538 3160 atque
558 3086 676 3146 arrectis
696 3086 814 3146 auribus
834 3087 938 3160 adst03

137 3193 141 3200 ·
157 3171 195 3225 In
216 3175 346 3240 segetem
366 3163 455 3222 veluti
476 3182 544 3220 cum
565 3165 683 3224 flamma
702 3166 864 3226 furentibus
883 3164 998 3225 Austris

158 3244 277 3314 Incidit,
299 3253 350 3300 aut
370 3242 490 3316 rapidus
511 3253 655 3300 montano
676 3243 797 3302 flumine
818 3255 931 3304 torrens
1095 3269 1154 3330 305

158 3321 267 3384 Sternit
286 3338 379 3399 agros,
401 3318 504 3380 sternit
525 3331 588 3379 sata
608 3322 686 3382 laeta
706 3322 858 3399 boumque
878 3325 1004 3402 labores,
