2494 3702
358 76 361 80 ’
414 96 688 155 Gaoaercorr
701 97 784 153 rra.
808 97 853 153 rr.
1065 103 1119 159 12³

128 219 291 294 Ingentem
315 223 400 279 caelo
424 219 680 294 sonitum‘dedit3
713 220 785 281 inde
807 232 924 281 secutus

128 299 190 357 Per
209 318 307 359 ramos
327 299 422 359 victor
442 319 554 378 perque
577 302 635 360 alta
657 301 810 360 cacumina
832 312 941 378 regnat,

128 379 172 437 Et
196 375 293 438 totum
315 378 439 439 involvit
460 381 586 440 flammis
607 399 712 440 nemus
736 393 766 440 et
790 380 846 440 ruit
870 393 964 440 atram

127 459 181 517 Ad
204 460 320 518 caelum
343 458 430 536 picea
453 479 567 520 crassus
588 460 713 536 caligine
737 464 857 531 nubem,

128 539 309 598 Praesertim
330 540 355 599 si
376 551 537 616 tempestas
561 560 580 599 a
601 540 711 601 vertice
734 541 814 600 silvis
1065 561 1123 617 310

129 619 282 691 Incubuit,
303 620 505 696 glomeratque
525 622 621 680 ferens
645 621 783 680 incendia
805 631 917 681 ventus

130 700 205 758 Hoc
226 699 285 772 ubi,
309 718 371 759 non
393 720 411 759 a
432 701 522 777 stirpe
545 703 645 761 valent
669 720 834 777 caesaeque
857 699 963 761 reverti

130 781 262 839 Possunt
281 791 371 856 atque
391 780 452 839 ima
472 780 581 840 similes
601 781 778 842 revirescere
799 793 881 842 terra.

130 859 239 918 Infelix
259 872 379 936 superat
399 860 476 920 foliis
497 863 622 921 oleaster
642 862 756 922 amaris.

171 941 238 1000 Nec
256 940 310 999 tibi
334 951 394 999 tarn
416 942 546 1017 prudens
565 942 722 1018 quisquam
741 942 917 1017 persuadeat
937 951 1041 1001 auctor
1065 958 1120 1018 315

128 1021 282 1080 Tellurem
307 1022 401 1080 Borea
421 1021 546 1097 rigidam
567 1021 697 1097 spirante
721 1022 842 1082 moveri.

130 1104 214 1160 Rura
236 1102 304 1178 gelu
326 1112 389 1160 turn
412 1101 522 1161 claudit
543 1101 677 1178 hiemps;
712 1122 768 1162 nec
790 1100 902 1162 semine
923 1099 1002 1160 iacto

130 1182 311 1241 Concretam
332 1181 442 1258 patitur
462 1181 591 1241 radicem
613 1183 731 1258 affigere
751 1193 852 1242 terrae.

130 1260 255 1338 Optima
277 1261 383 1320 vinetis
407 1261 490 1334 satio,
516 1282 585 1321 cum
606 1282 674 1322 vere
697 1262 816 1322 rubenti

130 1341 271 1402 Candida
291 1341 373 1401 venit
395 1342 457 1402 avis
480 1343 577 1419 longis
596 1341 692 1404 invisa
715 1342 852 1414 colubris
1064 1362 1122 1418 3²0

129 1421 232 1500 Prima
253 1423 300 1482 vel
322 1421 456 1481 autumni
475 1425 531 1482 sub
550 1423 665 1498 frigora,
686 1443 754 1483 cum
773 1422 892 1498 rapidus
912 1424 963 1484 Sol

130 1502 277 1562 Nondum
297 1501 426 1562 hiemem
448 1502 593 1579 contingit
616 1503 710 1578 equis,
734 1504 793 1563 iarn
816 1505 953 1578 praeterit
977 1512 1079 1562 aestas.

128 1584 192 1642 Ver
215 1584 292 1642 adeo
313 1583 411 1643 frondi
434 1601 598 1656 neruorum,
622 1603 674 1644 ver
694 1583 764 1644 utile
786 1583 882 1657 silvis;
915 1640 919 1649 ,

128 1664 209 1722 Vere
233 1673 350 1723 tument
373 1674 466 1723 terrae
488 1674 519 1724 et
538 1663 677 1740 genitalia
700 1663 815 1724 semina
835 1673 970 1740 poscunt

128 1745 210 1802 Tum
231 1755 316 1819 pater
339 1743 529 1820 omnipotens
550 1744 684 1804 fecundis
708 1743 849 1804 imbribus
872 1745 984 1802 Aether
1064 1759 1119 1818 3²5

129 1821 274 1900 Coniugis
297 1822 329 1882 in
352 1825 495 1900 gremium
519 1826 615 1884 laetae
639 1824 800 1897 descendit,
826 1835 856 1884 et
878 1841 981 1882 omnes

130 1905 261 1980 Magnus
284 1903 335 1963 alit
360 1922 468 1980 magno
489 1905 667 1964 commixtus
688 1923 811 1981 corpore
834 1905 919 1963 fetus.

129 1984 207 2042 Avia
227 1993 290 2042 tum
312 1996 453 2044 resonant
474 1985 578 2045 avibus
600 1985 723 2061 virgulta
746 1984 870 2056 canoris,

129 2066 171 2123 Et
192 2066 339 2123 Venerem
363 2064 451 2124 certis
470 2075 609 2140 repetunt
632 2075 766 2125 armenta
789 2063 894 2123 diebus
905 2084 914 2137 3

79 2174 83 2184 ·
129 2144 258 2203 Parturit
281 2145 376 2204 almus
399 2164 477 2221 ager,
499 2144 682 2221 Zephyrique
703 2144 873 2220 tepentibus
895 2141 971 2202 auris
1063 2161 1121 2217 330

129 2226 246 2283 Laxant
259 2243 328 2283 arva
352 2223 453 2299 sinus3
483 2237 602 2301 superat
624 2237 708 2285 tener
731 2223 870 2284 omnibus
894 2242 981 2282 umor
988 2242 998 2296 ;

130 2306 229 2380 Inque
250 2323 344 2364 novos
367 2307 445 2365 soles
466 2307 577 2364 audent
599 2325 631 2365 se
652 2304 784 2382 germina
807 2315 872 2364 tuto

131 2385 269 2457 Credere,
293 2404 349 2444 nec
369 2385 474 2444 metuit
498 2396 651 2462 surgentes
675 2385 831 2461 pampinus
853 2387 976 2444 Austros

131 2466 192 2523 Aut
213 2475 314 2524 actum
338 2467 421 2525 caelo
446 2466 560 2541 magnis
581 2464 779 2542 Aquilonibus
792 2465 925 2538 imbrem,
993 2535 1002 2546 ἢ

130 2546 191 2605 Sed
212 2544 304 2604 trudit
323 2564 456 2622 gemmas
481 2557 510 2604 et
530 2547 654 2608 ¹frondes
676 2545 802 2622 explicat
826 2563 937 2604 ornnes.
1061 2558 1118 2619 335

130 2627 203 2685 Non
225 2624 297 2684 alios
322 2625 418 2700 prima
438 2625 596 2686 crescentis
618 2625 729 2702 origine
752 2624 857 2685 mundi
885 2659 887 2664 ·

130 2705 278 2765 Inluxisse
302 2705 365 2764 dies
386 2706 514 2765 aliumve
537 2705 675 2765 habuisse
700 2717 832 2766 tenorem

130 2784 335 2846 Crediderim:
356 2805 408 2862 ver
419 2785 494 2846 illud
516 2797 586 2858 erat,
610 2806 662 2846 ver
684 2805 808 2861 magnus
832 2785 938 2860 agebat

130 2866 229 2936 Orbis,
251 2876 281 2925 et
301 2864 431 2925 hibernis
451 2867 612 2941 parcebant
633 2864 751 2924 flatibus
774 2864 853 2936 Euri,

130 2946 210 3005 Cum
233 2944 346 3021 primae
370 2948 465 3004 lucem
488 2947 619 3022 pecudes
644 2947 776 3017 hausere,
800 2943 953 3019 virumque
1059 2959 1119 3018 340

129 3027 238 3084 Ferrea
258 3024 415 3102 progenies
441 3027 520 3084 duris
546 3035 635 3102 caput
659 3024 762 3084 extulit
784 3023 868 3097 arvis,

130 3104 345 3182 Immissaeque
368 3107 447 3165 ferae
469 3105 548 3165 silvis
570 3119 600 3165 et
624 3104 720 3164 sidera
742 3105 834 3164 caelo.

130 3187 197 3245 Nec
216 3204 263 3245 res
283 3186 363 3245 hunc
383 3197 502 3245 tenerae
522 3195 643 3261 possent
661 3187 787 3261 perferre
810 3183 949 3253 laborem,

129 3265 160 3324 Si
184 3283 244 3325 non
270 3275 352 3324 tanta
372 3265 456 3340 quies
476 3265 530 3324 iret
550 3263 698 3340 frigusque
719 3267 907 3336 caloremque

131 3346 220 3419 Inter,
247 3355 277 3403 et
299 3343 448 3418 exciperet
471 3342 545 3402 caeli
566 3341 751 3416 indulgentia
772 3351 870 3398 terras.
1059 3355 1115 3411 345
