2494 3702
392 88 633 150 AENEIDOS
655 92 740 151 LIB.
770 93 796 151 I.
1037 103 1089 159 161

94 216 168 274 Hoc
189 227 333 288 metuens,
356 218 526 293 molemque
547 227 578 278 et
597 228 714 277 montes
734 217 856 295 insuper
875 219 952 280 altos

92 296 253 372 Imposuit,
275 315 435 373 regemque
455 297 548 372 dedit,
572 296 623 372 qui
643 298 762 360 foedere
782 309 864 358 certo

91 377 133 435 Et
152 395 286 452 premere
305 387 336 436 et
356 377 435 436 laxas
456 378 542 437 sciret
562 379 633 437 dare
653 378 748 438 iussus
768 379 908 438 habenas.

89 455 141 514 Ad
163 476 253 533 quern
277 467 341 516 tum
366 458 444 516 Iuno
469 459 594 534 supplex
617 458 662 517 his
684 458 808 518 vocibus
831 478 886 518 usa
908 469 970 520 est:

134 539 253 611 ‘Aeole,
268 556 397 612 namque
412 536 466 596 tibi
480 538 581 598 divom
596 540 684 597 Pater
696 550 785 615 atque
799 539 954 599 hominum
967 559 1018 601 rex
1050 544 1087 620 65

91 618 151 675 ‘Et
175 619 305 676 mulcere
329 617 412 677 dedit
433 618 540 677 fluctus
564 628 594 678 et
618 620 720 679 tollere
745 631 844 692 vento,

91 697 193 756 ‘Gens
214 694 333 756 immica
355 696 427 756 mihi
448 698 634 775 Tyrrhenum
658 698 776 775 navigat
796 717 917 775 aequor,

91 775 201 834 ‘Ilium
225 776 256 835 in
278 776 395 836 Italiam
420 789 542 854 portans
565 776 719 855 victosque
741 781 886 840 Penates:

90 859 216 916 ‘Incute
237 856 297 915 vim
319 857 413 917 ventis
438 859 662 934 submersasque
686 859 778 918 obrue
801 879 925 936 puppes,

89 939 170 994 ‘Aut
194 955 249 1012 age
270 937 401 997 diversos
423 947 453 997 et
477 937 579 998 disiice
601 957 727 1014 corpora
750 950 852 1015 ponto.
1048 955 1086 1016 70

89 1018 183 1076 ‘Sunt
206 1014 278 1076 mihi
300 1016 345 1076 bis
369 1028 483 1094 septem
506 1019 667 1095 praestanti
690 1038 812 1094 corpore
836 1021 1003 1096 Nymphae,

89 1097 247 1171 ‘Quarum
272 1116 349 1173 quae
368 1099 463 1157 forma
484 1098 680 1174 pulcherrima
701 1098 846 1174 Deiopea,

87 1177 249 1238 ‘Conubio
270 1177 390 1254 iungam
413 1178 510 1238 stabili
531 1178 739 1255 propriamque
761 1179 877 1253 dicab0,

86 1259 225 1334 ‘Omnes
249 1268 282 1316 ut
306 1268 405 1317 tecum
418 1257 540 1318 ¹meritis
563 1278 618 1334 pro
640 1259 748 1318 talibus
770 1278 865 1318 anuos

88 1337 219 1414 ‘Exigat
240 1348 270 1398 et
293 1339 414 1415 pulchra
438 1338 526 1398 faciat
547 1349 578 1398 te
600 1340 685 1414 prole
708 1338 881 1415 parentem!
1048 1357 1083 1418 75

129 1420 242 1477 Aeolus
266 1419 341 1478 haec
362 1429 482 1477 contra:
511 1421 621 1490 ‘Tuus
644 1419 672 1478 O
693 1419 802 1495 regina,
826 1418 900 1496 quid
921 1431 1016 1497 optes,

86 1500 271 1574 ‘Explorare
294 1499 396 1572 labor,
424 1496 496 1557 mihi
516 1497 596 1557 iussa
620 1517 772 1575 capessere
794 1501 837 1558 fas
862 1509 914 1562 est.

88 1581 157 1638 ‘Tu
181 1577 254 1637 mihi
278 1579 488 1654 quodcumque
512 1580 571 1637 hoc
595 1578 686 1654 regni,
709 1590 741 1638 tn
764 1591 880 1656 sceptra
903 1581 1067 1657 Iovemque

86 1657 267 1730 ‘Concilias
293 1669 325 1717 tu
349 1660 403 1718 das
427 1657 522 1735 epulis
547 1660 724 1718 accumbere
745 1659 854 1732 divom,

86 1738 345 1814 ‘Nimborumque
366 1737 438 1798 sacis
462 1750 732 1815 tempestatumque
756 1741 931 1816 potentem'
1044 1743 1083 1799 80

128 1821 218 1878 Haec
240 1817 291 1878 ubi
310 1819 396 1891 dicta,
420 1837 525 1877 cavum
549 1838 691 1878 conversa
715 1819 837 1896 cuspide
861 1829 995 1880 montem

84 1899 201 1975 Inpulit
220 1897 252 1958 in
274 1901 369 1958 latus:
396 1917 432 1956 ac
453 1897 533 1957 venti
553 1899 633 1958 velut
657 1900 774 1975 agmine
796 1902 882 1971 facto,

84 1980 157 2055 Qua
181 1978 249 2038 data
271 1989 365 2055 porta,
390 1988 480 2037 ruunt
504 1988 534 2038 et
555 1988 645 2039 terras
669 1978 786 2039 turbiue
808 1981 941 2056 perflant.

86 2061 257 2119 Incubuere
277 2058 359 2131 mari,
381 2069 538 2134 totumque
559 2079 576 2118 a
599 2058 718 2118 sedibus
742 2058 809 2118 imis

84 2141 160 2200 Una
182 2141 336 2215 Eumsque
359 2141 517 2215 Notusque
539 2151 628 2198 ruunt
651 2141 812 2214 creberque
832 2136 969 2215 procellis
1043 2141 1080 2217 85

83 2217 211 2289 Africus,
236 2229 266 2278 et
287 2229 386 2279 vastos
407 2221 530 2279 volvont
553 2220 592 2279 ad
614 2218 700 2278 litora
720 2219 834 2278 fluctus.

84 2299 257 2374 Insequitur
276 2301 445 2374 clamorque
465 2298 559 2359 virum
581 2298 745 2372 stridorque
766 2300 932 2358 rudentum.

85 2379 223 2455 Eripiunt
245 2379 344 2440 subito
365 2381 462 2438 nubes
486 2380 661 2456 caelumque
683 2379 822 2455 diemque
880 2437 882 2442 .

84 2461 269 2520 Teucromm
293 2478 329 2518 ex
352 2459 464 2530 oculis;
492 2470 586 2535 ponto
607 2478 667 2518 nox
690 2459 811 2519 incubat
832 2471 902 2520 atra

66 2539 248 2600 'Intonuere
269 2538 330 2615 poli
352 2549 382 2599 et
406 2538 513 2598 crebris
536 2538 625 2598 micat
649 2538 765 2616 ignibus
789 2541 899 2612 aether,-
1042 2559 1081 2617 90

85 2622 335 2695 Praesentemque
358 2618 426 2678 vin‘s
450 2618 598 2678 intentant
621 2618 723 2678 omnia
743 2631 877 2680 mortem.

84 2701 244 2776 Extemplo
266 2702 387 2759 Aeneae
411 2700 565 2758 solvuntur
587 2698 693 2774 frigore
716 2701 867 2773 membra3

83 2780 223 2857 Ingemit,
247 2790 276 2840 et
298 2779 432 2855 duplices
455 2780 580 2839 tendens
602 2781 641 2838 ad
665 2778 762 2838 sidera
783 2781 897 2854 palmas
985 2825 987 2831 .

82 2860 170 2922 Talia
190 2878 265 2919 voce
288 2861 395 2920 refert:
423 2860 468 2919 ‘O
492 2869 595 2935 terque
618 2869 779 2934 quaterque
800 2858 887 2931 beati,

84 2940 176 3016 ‘Quis
200 2949 269 3000 ante
293 2958 346 3000 ora
366 2949 483 3015 patmm
504 2938 613 2998 Troiae
634 2940 690 2997 sub
711 2937 867 2998 moenibus
889 2938 956 2999 altis
1040 2957 1077 3019 95

84 3019 235 3096 ‘Contigit
259 3023 418 3095 oppetere!
445 3037 465 3079 0
487 3021 626 3078 Danaum
648 3016 804 3078 fortissime
827 3020 923 3096 gentis

84 3099 226 3177 ‘Tydide
251 3117 339 3159 mene
362 3098 460 3158 Iliacis
482 3099 658 3158 occumbere
680 3096 792 3175 campis

85 3183 175 3242 ‘Non
198 3179 330 3256 potuisse
352 3189 462 3254 tuaque
484 3178 612 3238 animam
634 3180 713 3238 hanc
737 3179 887 3240 effundere
909 3181 1021 3256 dextra,

85 3263 212 3322 ‘Saevus
235 3257 287 3320 ubi
308 3258 460 3318 Aeacidae
480 3260 539 3318 telo
561 3259 639 3318 iacet
662 3260 785 3330 Hector,
809 3259 862 3318 ubi
885 3260 990 3336 ingens

86 3341 264 3418 ‘Sarpedom
288 3337 342 3399 ubi
362 3347 407 3398 tot
432 3337 538 3398 SImois
562 3349 695 3416 correpta
717 3340 772 3397 sub
793 3337 882 3406 undis
1023 3357 1079 3397 100

162 3475 187 3519 s.
202 3474 231 3518 v.
246 3473 267 3518 1.
963 3462 994 3502 11
