2460 3686
401 121 642 182 AENEIDOS
666 121 752 180 ΜΒ.
791 121 821 181 V.
1053 134 1109 192 253

95 245 261 322 ‘Septima
285 257 355 324 post
377 247 485 306 Troiae
511 246 660 308 excidium
684 245 743 306 iam
767 245 890 308 vertitur
912 257 1019 319 aestas,

94 329 206 386 ‘Cum
231 329 313 398 freta,
336 346 405 386 cum
429 339 520 386 terras
545 347 658 398 omnes,
684 338 729 388 tot
752 326 904 404 inhospita
926 347 996 387 saxa

96 408 287 483 ‘Sideraque
312 426 451 467 emensae
473 407 600 479 ferimur,
624 408 696 467 dum
720 427 773 484 per
797 427 876 468 mare
898 427 1040 485 magnum

96 487 245 546 ‘Italiam
268 487 420 563 sequimur
440 487 609 563 fugientem,
635 499 665 547 et
686 489 830 548 volvimur
851 488 945 548 undis

98 567 191 625 ‘Hic
216 567 318 643 Erycis
339 568 414 626 fines
438 567 565 639 fraterni,
589 578 678 644 atque
701 569 811 644 hospes
833 571 974 628 Acestes:
1048 571 1107 642 630

100 646 203 720 ‘Quis
226 648 364 722 prohibet
385 667 485 708 muros
507 648 612 720 iacere,
639 659 668 708 et
689 650 760 708 dare
784 648 898 708 civibus
923 649 1049 708 urbem?
1147 713 1150 720 ,

99 729 155 786 ‘O
179 727 282 802 patria,
307 738 336 787 et
360 728 437 803 rapti
460 728 642 804 nequiquam
663 746 700 788 ex
723 731 808 788 hoste
832 741 965 806 penates,

102 809 258 866 ‘Nullane
280 807 341 866 iam
365 807 474 867 Troiae
496 809 633 868 dicentur
655 809 796 868 moenia?
824 829 971 885 nusquam

103 889 298 946 ‘Hectoreos
322 907 434 958 amnes
458 891 612 949 Xanthum
635 900 665 948 et
687 888 847 960 Simoenta,
872 890 1003 950 videbo?

105 967 211 1041 ‘Quin
233 967 310 1043 agite
335 977 365 1028 et
390 987 508 1028 mecum
532 969 673 1028 infaustas
697 968 809 1029 exurite
831 972 967 1046 puppes!
1046 974 1103 1046 635

104 1049 207 1106 ‘Nam
229 1048 301 1107 mihi
326 1049 513 1108 Cassandrae
535 1069 587 1126 per
609 1068 746 1108 somnum
770 1049 844 1108 vatis
868 1051 966 1126 imago

103 1130 274 1187 ‘Ardentes
297 1128 367 1188 dare
391 1129 454 1188 visa
474 1131 571 1188 faces:
600 1129 662 1189 Hic
683 1128 813 1205 quaerite
833 1130 953 1188 Troiam
965 1153 972 1202 3
1141 1194 1143 1198 ,

102 1208 190 1267 ‘Hic
214 1210 320 1268 domus
343 1219 396 1281 est,
421 1209 525 1286 inquit,
550 1210 641 1269 vobis
687 1211 751 1268 Iam
773 1220 891 1285 tempus
915 1209 963 1286 agi
986 1229 1051 1285 res;

103 1291 195 1348 ‘Nec
217 1288 306 1348 tantis
331 1308 414 1348 mora
437 1289 586 1366 prodigiis
630 1292 678 1350 En
702 1301 840 1365 quattuor
862 1309 930 1350 arae

103 1369 288 1445 ‘zNeptuno
316 1369 421 1429 deus'
413 1389 479 1446 rpse
500 1372 580 1430 faces
604 1370 796 1460 animumque
820 1369 983 1431 ministrat'
1045 1371 1102 1443 640

102 1452 197 1509 Haec
220 1468 388 1509 memorans
412 1449 507 1526 prima
529 1450 678 1509 insensum
700 1451 729 1508 vi
751 1449 870 1526 corripit
893 1449 1001 1528 ignem,

100 1531 287 1621 Sublataque
309 1532 413 1606 procul
436 1532 538 1590 dextra
558 1530 686 1591 connixa
708 1542 851 1601 coruscat,

102 1612 147 1668 Et
171 1609 247 1669 iacit
289 1611 429 1670 Arrectae
451 1621 566 1670 mentes
589 1613 811 1687 stupefactaque
832 1613 924 1672 corda

103 1689 243 1749 Iliadum.
287 1691 349 1751 Hic
370 1710 430 1750 una
453 1711 470 1750 e
493 1691 592 1750 multis
614 1711 691 1768 quae
715 1693 842 1752 maxima
863 1705 943 1765 natu,

102 1773 211 1846 Pyrg0,
236 1780 281 1830 tot
303 1771 411 1830 Priami
435 1781 570 1830 natorum
592 1771 671 1847 regia
693 1773 805 1832 nutrix:
1043 1774 1100 1848 645

104 1853 197 1910 ‘Non
220 1853 313 1911 Beroe
334 1851 428 1923 vobis,
452 1871 514 1911 non
538 1854 613 1911 haec
635 1853 791 1924 Rhoeteia,
816 1864 932 1925 matres,

104 1933 180 1990 ‘Est
205 1931 325 2008 Dorycli
349 1931 498 1991 coniunx:
525 1931 617 1992 divini
639 1932 722 2009 signa
743 1933 867 2002 decoris,

107 2012 333 2087 ‘Ardentesque
357 2022 459 2071 notate
484 2015 606 2087 oculos,
632 2013 684 2087 qui
706 2012 823 2088 spiritus
846 2011 895 2085 illi,

104 2091 185 2166 ‘Qui
206 2093 312 2163 voltus,
337 2091 479 2168 vocisque
503 2112 603 2165 sonus,
627 2094 675 2152 vel
696 2111 810 2169 gressus
832 2091 920 2150 eunti

104 2172 197 2247 ‘Ipsa
221 2182 338 2247 egomet
362 2172 477 2232 dudum
499 2175 613 2232 Beroen
636 2173 765 2248 digressa
788 2173 891 2248 reliqui
1042 2173 1100 2248 650

105 2255 260 2327 ‘Aegram
284 2251 496 2329 indignantem,
522 2253 573 2312 tali
596 2254 678 2330 quod
703 2255 766 2312 sola
789 2263 900 2312 careret

105 2334 260 2403 ‘Munere,
285 2353 342 2392 nec
365 2333 485 2394 meritos
510 2335 659 2394 Anchisae
681 2332 799 2394 inferret
822 2334 969 2393 honores'

105 2414 196 2471 Haec
217 2414 311 2472 effata

104 2496 147 2551 At
168 2504 275 2552 matres
297 2493 394 2570 primo
417 2492 562 2570 ancipites
585 2493 736 2571 oculisque
761 2493 895 2571 malignis

104 2572 271 2650 Ambiguae
295 2584 429 2650 spectare
452 2587 528 2634 rates
551 2574 690 2634 miserum
714 2574 791 2635 inter
812 2594 944 2636 amorem
1040 2579 1097 2650 655

31 2707 32 2711 ,
106 2653 272 2712 Praesentis
295 2665 389 2714 terrae
409 2654 534 2730 fatisque
558 2655 696 2714 vocantia
716 2675 825 2730 regna:

106 2734 265 2804 Cumdea
288 2753 321 2794 se
345 2734 465 2810 paribus
489 2755 543 2812 per
564 2737 679 2794 caelum
703 2734 819 2794 sustulit
842 2734 904 2806 alie,

105 2815 321 2889 lugentemque
343 2817 413 2890 fuga
436 2815 529 2874 secuit
553 2817 609 2874 sub
634 2813 762 2873 nubibus
785 2833 892 2872 arcum

105 2895 183 2952 Tum
206 2912 275 2952 vero
297 2895 440 2954 attonitae
464 2895 602 2954 monstris
626 2905 768 2969 actaeque
790 2894 886 2952 furore

106 2975 312 3045 Conclamant,
335 2975 512 3051 rapiuntque
536 2974 609 3034 focis
636 2973 835 3050 penetralibus
857 2973 955 3050 ignem
965 2995 975 3048 3
1038 2977 1098 3034 660

106 3057 177 3113 Pars
196 3053 325 3130 spoliant
345 3073 419 3127 aras,
440 3055 575 3114 frondem
597 3074 632 3113 ac
652 3054 776 3130 virgulta
796 3055 934 3130 facesque

106 3133 272 3196 Coniciunt.
317 3135 398 3194 Furit
417 3134 545 3194 inmissis
566 3136 716 3195 Volcanus
737 3133 860 3193 habenis

104 3217 247 3274 Transtra
267 3233 321 3290 per
340 3225 370 3274 et
390 3234 487 3274 remos
507 3227 537 3274 et
557 3215 652 3290 pictas
672 3215 768 3274 abiete
789 3215 914 3291 puppes

106 3295 235 3354 Nuntius
258 3294 407 3354 Anchisae
429 3295 468 3353 ad
490 3296 637 3353 tumulum
659 3313 831 3370 cuneosque
854 3295 959 3354 theatri

107 3377 249 3435 Incensas
272 3375 380 3452 perfert
404 3393 494 3434 naves
517 3375 667 3446 Eumelus,
690 3386 720 3434 et
744 3374 801 3450 ipsi
1038 3378 1095 3452 665
