2494 3702
143 109 198 165 126
398 109 434 166 P.
465 109 656 169 VERGILJ
668 109 880 170 MARONIS

182 234 276 293 Poma
299 251 429 309 quoque,
452 244 485 292 ut
506 232 633 310 primum
657 244 778 295 truncos
802 253 918 297 sensere
940 239 1074 299 valentes

142 315 181 372 Et
201 312 269 372 viris
292 313 424 372 habuere
447 333 523 386 suas,
547 315 586 373 ad
610 314 705 374 sidera
726 315 832 392 raptim

141 392 180 450 Vi
204 392 323 468 propria
344 393 476 452 nituntur
498 393 622 470 opisque
643 396 724 454 haud
747 395 847 473 indiga
867 407 993 457 nostrae

141 475 208 533 Nec
230 473 328 532 minus
350 473 462 533 interea
484 475 548 533 fetu
571 494 675 534 nemus
698 494 787 535 omne
809 477 963 554 gravescit,¹

141 553 374 631 Sanguineisque
395 554 506 614 inculta
527 555 632 614 rubent
654 555 763 614 aviaria
784 556 872 616 bacis.
1074 580 1137 636 430

141 635 318 694 Tondentur
338 632 431 711 cytisi,
446 635 548 694 taedas
573 636 645 694 silva
668 637 728 695 alta
749 635 902 710 ministrat,

142 716 363 790 Pascunturque
383 713 466 790 ignes
488 715 625 774 nocturni
647 725 677 776 et
700 716 814 775 lumina
835 718 972 778 fundunt.

143 797 181 854 Et
204 794 342 854 dubitant
365 794 501 854 homines
525 814 620 855 serere
644 807 733 872 atque
756 796 927 874 impendere
949 803 1075 860 curam?

142 873 223 949 Quid
245 875 356 935 maiora
376 877 506 951 sequar?
545 875 655 936 Salices
678 876 861 954 humilesque
881 878 1013 954 genistae

140 959 202 1014 Aut
225 953 292 1015 illae
313 955 414 1031 pecori
436 956 571 1015 frondem
594 968 644 1015 aut
667 956 833 1034 pastoribus
857 962 991 1018 umbram
1074 980 1135 1039 435

141 1033 303 1107 Sufficiunt,
328 1053 508 1112 saepemque
529 1035 600 1095 satis
623 1047 653 1097 et
676 1037 785 1114 pabula
805 1038 894 1098 melli.

142 1117 181 1175 Et
204 1115 284 1174 iuvat
304 1116 468 1175 undantem
493 1119 571 1176 buxo
593 1127 726 1193 spectare
749 1119 891 1195 Cytorum

141 1195 345 1272 Naryciaeque
366 1195 439 1272 picis
463 1197 554 1270 lucos,
579 1197 658 1256 iuvat
682 1218 751 1256 arva
773 1197 872 1258 videre

142 1278 213 1336 Non
236 1277 342 1349 tastris,
367 1276 522 1337 hominum
546 1298 607 1337 non
629 1278 682 1336 ulli
705 1279 834 1338 obnoxia
855 1298 949 1340 curae.

141 1359 231 1432 Ipsae
253 1359 406 1418 Caucaseo
428 1355 539 1416 steriles
561 1360 591 1417 in
613 1359 721 1418 vertice
744 1359 843 1430 silvae,
1073 1383 1137 1436 440

142 1439 225 1512 Quas
245 1437 371 1497 animosi
393 1437 464 1496 Euri
483 1436 608 1499 adsidue
631 1440 827 1515 franguntque
849 1441 1013 1516 feruntque,

142 1521 225 1577 Dant
245 1518 318 1577 alios
340 1516 415 1577 aliae
438 1519 521 1588 fetus,
548 1519 621 1576 dant
645 1519 716 1580 utile
740 1519 852 1596 lignum

141 1596 274 1676 Navigiis
295 1597 389 1675 pinos,
413 1597 551 1657 domibus
573 1599 753 1676 cedrumque
774 1619 994 1676 cupressosqne.

141 1678 224 1738 Hinc
244 1678 341 1738 radios
362 1678 466 1738 trivere
485 1677 565 1748 rotis,
588 1678 657 1737 hinc
677 1690 817 1756 tympana
836 1682 970 1756 plaustris

140 1758 304 1834 Agricolae,
330 1769 360 1818 et
380 1760 494 1834 pandas
514 1758 626 1818 ratibus
646 1778 772 1835 posuere
793 1762 912 1820 carinas
1073 1783 1132 1842 445

139 1839 308 1898 viminibus
331 1839 442 1911 salices,
466 1839 610 1899 fecundae
631 1840 784 1900 frondibus
805 1840 884 1914 ulmi,

139 1923 181 1978 At
205 1930 315 1996 myrtus
336 1918 440 1978 validis
462 1919 614 1978 hastilibus
635 1931 665 1978 et
687 1921 767 1980 bona
790 1922 869 1980 bello

140 2001 265 2070 Cornus,
289 2002 421 2058 Ituraeos
445 1999 505 2058 taxi
529 2009 702 2075 torquentur
723 1999 754 2058 in
777 2019 868 2059 arcus.

140 2082 206 2138 Nec
226 2079 307 2139 tiliae
326 2081 406 2139 leves
426 2090 477 2138 aut
497 2090 583 2139 torno
603 2081 688 2139 rasile
710 2083 820 2140 buxum

140 2162 211 2219 Non
234 2162 358 2220 formam
380 2159 528 2236 accipiunt
549 2162 683 2237 ferroque
704 2172 843 2220 cavantur
863 2173 959 2224 acuto.
1072 2182 1133 2242 450

140 2243 206 2299 Nee
229 2259 290 2298 non
315 2251 344 2299 et
366 2251 525 2300 torrentem
547 2242 657 2300 undam
681 2240 753 2301 levis
777 2241 889 2301 innatat
912 2247 996 2303 alnus

140 2320 235 2379 Missa
259 2323 360 2394 Pad03
395 2339 452 2379 nec
474 2340 535 2379 non
557 2331 587 2381 et
608 2339 679 2397 apes
701 2321 836 2381 examina
857 2324 990 2382 condunt

140 2400 366 2475 Corticibusque
388 2399 467 2459 cavis
486 2401 669 2478 vitiosaeque
689 2401 761 2461 ilicis
783 2405 857 2461 alvo.

140 2480 220 2555 Quid
241 2481 467 2539 memorandum
488 2499 583 2557 aeque
604 2482 749 2541 Baccheia
768 2483 848 2543 dona
867 2484 1017 2544 tulerunt?

138 2561 271 2619 Bacchus
294 2570 323 2619 et
343 2562 382 2620 ad
402 2562 520 2636 culpam
542 2581 644 2621 causas
665 2562 765 2636 dedit;
799 2563 848 2622 ille
869 2564 998 2624 furentes
1070 2583 1108 2642 45
1114 2583 1130 2642 5

138 2642 303 2701 Centauros
324 2641 384 2700 leto
407 2641 531 2714 domuit,
558 2643 772 2718 Rhoecumque
795 2645 981 2720 Pholumque

233 2740 309 2797 agno
335 2722 484 2798 Hylaeum
510 2721 644 2798 Lapithis
666 2735 777 2782 cratere
802 2723 972 2784 minantem.

178 2803 206 2862 O
226 2803 389 2861 fortunatos
411 2801 544 2873 nimium,
567 2821 620 2861 sua
640 2802 665 2861 si
685 2804 764 2862 bona
784 2803 891 2874 norint,

137 2881 307 2957 Agricolas!
342 2881 449 2958 quihus
469 2881 534 2958 ipsa
555 2883 657 2958 procul
678 2881 860 2942 discordibus
881 2883 968 2942 armis

138 2961 248 3021 Fundit
268 2963 360 3021 humo
382 2960 497 3021 facilem
517 2961 628 3021 victum
651 2961 810 3022 iustissima
831 2963 924 3023 tellus.
1069 2967 1130 3038 460
1208 3032 1211 3040 ¹

137 3041 168 3100 Si
192 3059 253 3100 non
277 3041 426 3116 ingentem
449 3041 558 3100 foribus
580 3043 686 3102 domus
708 3043 767 3100 alta
788 3042 920 3118 superbis

138 3122 231 3178 Mane
253 3121 430 3177 salutantum
455 3118 524 3177 to'tis
546 3121 638 3178 vomit
659 3121 781 3180 aedibus
804 3124 926 3196 undam,

138 3200 203 3256 Nec
225 3197 319 3255 varios
342 3196 455 3255 inhiant
476 3198 596 3270 pulchra
616 3199 764 3258 testudine
784 3211 892 3275 postes,

138 3278 314 3348 Inlusasque
335 3293 406 3334 auro
430 3285 525 3332 vestes
550 3276 755 3353 Ephyreiaque
777 3297 852 3348 aera,

137 3355 214 3413 Alba
237 3370 335 3426 neque
358 3351 477 3428 Assyrio
499 3355 611 3411 fucatur
632 3357 701 3412 lana
722 3375 846 3428 venen0,
1068 3367 1126 3442 465
