2494 3702
403 70 645 130 AENEJDOS
668 71 753 130 ΜΒ.
783 72 811 129 J.
1057 73 1110 146 167

101 193 254 274 Remigio
274 197 394 267 alarum,
416 215 452 255 ac
473 195 585 273 Libyae
606 196 682 256 citus
703 195 796 256 astitit
817 197 883 257 oris.

101 277 232 336 Etiam
253 276 333 336 iussa
352 275 433 349 facit,
454 288 629 353 ponuntque
649 277 758 336 ferocia
779 277 874 336 Poeni

102 358 214 418 Corda
234 358 354 416 volente
375 358 452 431 deo,
481 356 636 433 inprimis
657 357 757 434 regina
777 356 911 431 quietum

99 436 232 514 Accipit
252 437 284 496 in
303 439 435 496 Teucros
456 436 589 496 animum
610 450 802 512 mentemque
822 437 990 513 benignam.

149 521 193 576 At
212 516 280 594 pius
301 520 428 588 Aeneas
449 536 502 593 per
522 527 642 577 noctem
662 517 790 593 plurima
810 518 940 588 volvens,
1053 535 1111 596 305

103 599 155 658 Ut
176 598 306 674 primum
326 599 378 655 lux
398 598 477 656 alma
498 598 568 656 data
589 607 641 669 est,
664 597 744 656 exire
764 598 907 672 locosque

103 679 276 754 Explorare
297 696 400 747 novoS,
422 696 495 752 quas
517 688 607 737 vento
628 675 783 740 accesserit
804 696 879 750 oras,

104 758 172 832 Qui
193 768 324 830 teneant,
345 776 417 816 nam
436 757 548 815 inculta
567 757 659 829 videt,
681 757 857 816 hominesne
878 759 1002 834 serame,

105 840 263 914 Quaerere
284 836 446 910 constituit,
468 837 614 912 sociisque
635 848 738 896 exacta
758 839 872 897 referre.

106 921 248 979 Classem
269 917 300 976 in
320 937 455 978 convexo
476 937 631 976 nemorum
653 917 707 977 sub
728 936 802 993 rupe
823 929 926 978 cavata
1053 940 1110 995 310

104 998 275 1058 Arboribus
296 999 427 1057 clausam
447 996 558 1056 circum
578 1008 668 1071 atque
689 997 875 1057 horrentibus
896 999 1007 1058 umbris

105 1079 249 1151 Occulit;
274 1077 338 1155 ipse
359 1097 421 1136 uno
441 1077 572 1154 graditur
591 1077 749 1138 comitatus
771 1079 895 1150 Achate,

103 1159 186 1218 Bina
206 1177 298 1218 manu
318 1159 380 1217 lato
401 1156 531 1234 crispans
552 1157 668 1217 hastilia
688 1159 772 1217 ferro.

106 1239 172 1300 Cui
193 1249 287 1298 mater
307 1238 407 1297 media
428 1257 492 1298 sese
513 1237 579 1297 tulit
600 1237 689 1298 obvia
709 1237 790 1310 silva,

101 1317 240 1395 Virginis
261 1337 295 1378 os
316 1318 509 1394 habitumque
529 1337 632 1394 gerens
653 1329 684 1378 et
705 1317 821 1394 virginis
842 1337 930 1393 arma,
1052 1338 1109 1398 315

103 1401 284 1475 Spartanae,
305 1401 353 1458 vel
374 1398 467 1474 qualis
489 1418 582 1474 equos
603 1397 743 1458 Threissa
762 1398 863 1474 fatigat

103 1481 283 1556 Harpalyce
303 1480 513 1554 volucremque
534 1481 603 1554 luga
622 1478 815 1554 praevertitur
832 1480 978 1540 Hebrum.

104 1562 252 1635 Namque
273 1558 380 1618 umeris
401 1560 440 1618 de
460 1576 543 1619 more
563 1559 692 1618 habilem
714 1560 905 1636 suspenderat
925 1580 1026 1620 arcum

103 1639 262 1712 Venatrix,
285 1640 467 1714 dederatque
488 1658 606 1698 comam
627 1639 792 1699 diffundere
812 1640 918 1711 ventis,

104 1721 203 1779 Nuda
223 1739 301 1794 genu
321 1720 462 1795 nodoque
483 1718 564 1778 sinus
585 1721 716 1778 collecta.
729 1720 860 1780 fluentes.
1051 1741 1109 1797 3²0

104 1802 156 1859 Ac
177 1799 257 1875 prior
281 1801 392 1860 ‘Heus’
414 1798 519 1874 inquit,
536 1798 681 1870 ‘iuvenes
703 1810 873 1872 monstrate,
895 1820 1027 1860 mearum

106 1879 253 1940 ‘Vidistis
275 1879 410 1956 siquam
431 1879 479 1938 hic
501 1892 645 1940 errantem
666 1881 741 1940 forte
761 1900 903 1951 sororum,

110 1959 318 2020 ‘succinctam
338 1961 476 2037 pharetra
497 1971 526 2019 et
546 1961 715 2020 maculosae
736 1961 865 2037 tegmine
886 1961 986 2038 lynciS,

109 2045 194 2100 ‘Aut
214 2040 378 2116 spumantis
399 2040 462 2116 apri
482 2059 599 2099 cursum
621 2042 750 2100 clamore
770 2041 972 2117 prementem?

149 2120 199 2180 Sic
219 2123 332 2192 Venus,
354 2131 384 2180 et
404 2120 529 2180 Veneris
549 2131 653 2180 contra
673 2120 716 2180 sic
736 2120 812 2179 filius
833 2139 934 2180 orsus:
1048 2139 1105 2197 3²5

110 2203 225 2262 ‘Nulla
245 2211 360 2260 tuarum
381 2200 482 2260 audita
502 2199 575 2259 mihi
595 2220 692 2277 neque
713 2200 776 2259 visa
796 2218 940 2274 sororum,
1141 2195 1142 2198 ’

108 2284 290 2356 ‘O-quam
311 2292 340 2342 te
360 2277 532 2352 memorem,
555 2279 660 2357 virgo?
686 2299 816 2357 namque
836 2281 916 2340 haud
937 2279 991 2340 tibi
1011 2283 1108 2342 voltus

108 2361 275 2433 ‘Mortalis
298 2381 354 2421 nec
373 2381 432 2421 vox
451 2361 604 2428 hominem
626 2372 712 2421 sonat
722 2383 731 2436 3
761 2381 780 2420 o
801 2363 858 2422 dea
877 2373 964 2434 certe,

108 2445 180 2500 ‘An
203 2440 317 2501 Phoebi
337 2461 419 2502 soror
439 2460 477 2500 an
501 2442 706 2518 Nympharum
727 2441 876 2518 sanguinis
897 2445 979 2501 una?

108 2522 173 2583 ‘Sis
195 2522 272 2594 felix,
293 2532 488 2597 nostrumque
508 2523 597 2592 leves,
619 2541 833 2598 quaecumque,
854 2523 994 2595 laborem,
1048 2543 1108 2598 330

108 2605 176 2673 ‘Et,
199 2619 259 2676 quo
280 2603 335 2662 sub
356 2603 440 2662 caelo
461 2603 591 2673 tandem,
613 2603 719 2677 quibus
741 2603 820 2663 orbis
840 2603 871 2661 in
892 2602 950 2662 oris

109 2684 287 2754 ‘Iactemun
310 2683 419 2742 doceas
429 2705 438 2757 3
467 2681 560 2758 ignari
580 2683 793 2759 hominumque
814 2684 1006 2759 locorumque

108 2765 277 2832 ‘Erramua
298 2774 389 2822 vento
410 2765 468 2821 huc
489 2761 578 2822 vastis
599 2773 629 2822 et
649 2763 787 2822 fluctibus
808 2761 885 2822 acti:

109 2844 231 2903 ‘Multa‘
247 2841 301 2902 tibi
321 2853 390 2902 ante
410 2861 474 2901 aras
495 2853 594 2902 nostra
614 2844 701 2902 cadet
722 2839 819 2901 hostia
840 2842 959 2902 dextra!

148 2925 229 2982 Tum
248 2924 371 2983 Venus:
401 2923 512 2982 ‘Haud
532 2921 670 2998 equidem
691 2921 742 2981 tali
763 2940 813 2980 me
833 2921 938 2998 dignor
958 2923 1090 2995 honore3

110 3002 299 3080 ‘Virginibus
320 3001 417 3079 Tyriis
438 3022 504 3062 mos
525 3014 569 3063 est
589 3015 705 3078 gestare
726 3003 903 3078 pharetram,
1049 3005 1108 3080 336

110 3085 344 3160 ‘Purpureoque
365 3084 424 3142 alte
445 3101 527 3142 suras
548 3081 656 3142 vincire
678 3082 833 3142 cothurno.

111 3163 244 3223 ‘Punica
263 3183 354 3240 regna
374 3161 465 3233 vides,
487 3163 592 3238 Tyrios
614 3174 644 3221 et
663 3163 808 3237 Agenoris
830 3167 935 3224 urbem
945 3183 955 3240 3

110 3245 188 3305 ‘Sed
208 3245 282 3302 fines
304 3241 416 3320 Libyci,
438 3261 531 3318 genus
552 3241 736 3302 intractabile
756 3245 844 3302 belle.

111 3323 291 3400 ‘Imperium
313 3322 396 3383 Dido
417 3321 506 3402 Tyria
525 3321 598 3397 regit
619 3323 851 3396 urbeprofecta,
1048 3342 1106 3396 340
