2462 3678
153 113 211 168 3³0
404 95 439 152 P.
471 93 663 154 Vererer
676 94 889 154 annonas

152 223 200 286 ‘Si
221 243 291 286 vero
311 243 419 301 capere
440 223 557 284 Italiam
578 225 759 301 sceptrisque
779 223 868 302 potiri

153 303 333 382 ‘Contigerit
353 304 457 366 victori
477 313 508 364 et
527 305 656 380 praedae
677 304 775 364 dicere
794 315 912 380 sortem,

153 383 278 446 ‘Vidisti
296 403 359 461 quo
380 387 498 444 Turnus
519 403 606 460 equo,
629 384 736 460 quibus
757 384 819 443 ibat
840 384 871 444 in
891 384 983 445 armis

154 469 306 525 ‘Aureusr
333 463 431 542 ipsum
451 464 543 536 illum,
565 464 696 540 clipeum
717 464 878 540 cristasque
899 468 1046 526 rubentes
1098 480 1150 536 270

154 544 325 621 ‘Excipiam
346 543 425 615 sorti,
446 543 505 604 iam
526 563 607 602 nunc
627 555 677 604 tua
697 544 835 620 praemia,
859 545 942 606 Nise.

155 629 327 686 ‘Praeterea
348 624 393 683 bis
414 643 465 684 sex
485 623 599 700 genitor
619 623 779 684 lectissima
799 636 928 684 manum

154 707 305 780 ‘Corpora
326 703 517 780 captivosque
538 703 629 774 dabit,
652 723 763 779 suaque
784 704 923 764 omnibus
945 723 1050 764 arma:

155 787 301 860 ‘Insuper
321 784 374 855 his,
396 782 495 860 campi
515 784 597 859 quod
618 803 669 843 rex
689 785 780 844 habet
799 783 863 859 ipse
886 783 1020 844 Latinus.

156 867 218 926 ‘Te
237 883 316 936 vero,
339 882 406 924 mea
426 882 514 939 quem
535 863 637 939 spatiis
657 863 843 940 propioribus
863 875 946 924 aetas
1101 881 1150 938 275

157 943 351 1020 ‘Insequitur
372 943 540 1004 venerande
561 963 643 1019 puer,
665 943 724 1002 iarn
745 954 865 1018 pectore
886 954 952 1004 toto

157 1025 297 1101 ‘Accipio
318 1034 348 1083 et
368 1021 506 1083 comitem
528 1043 614 1082 casus
634 1025 817 1098 complector
836 1022 868 1084 in
888 1043 1003 1084 ornnes

157 1106 267 1164 ‘Nulla
286 1103 361 1164 meis
381 1102 444 1164 sine
464 1113 494 1164 te
514 1102 782 1179 quaereturgloria
802 1105 908 1170 rebus:

158 1186 232 1244 ‘Seu
252 1202 357 1261 pacem
379 1203 431 1242 seu
452 1184 530 1242 bella
549 1202 658 1259 geram,
680 1182 733 1242 tibi
754 1183 883 1242 maxima
902 1203 999 1243 rerum

158 1266 400 1339 ‘verborumque
419 1265 531 1323 fides!¹
554 1265 666 1324 Contra
686 1282 775 1338 quem
796 1263 866 1323 talia
885 1265 962 1322 fatur
1098 1268 1148 1321 280

158 1347 320 1422 Euryalus:
349 1346 419 1403 ‘Me
440 1344 521 1404 nulla
541 1343 605 1402 dies
625 1353 687 1402 tam
708 1343 831 1402 fortibus
852 1343 930 1402 ausis

160 1424 358 1484 ‘Dissimilem
380 1422 523 1500 arguerit:
552 1433 667 1483 tanturn
688 1424 805 1482 fortuna
826 1424 958 1483 secunda
1204 1493 1205 1504 χ

160 1506 273 1565 ‘Haud
293 1505 416 1565 adversa
436 1504 530 1564 eadat
572 1503 632 1562 Sed
652 1514 681 1562 te
702 1509 791 1578 supet
811 1503 913 1564 omnia
932 1505 1013 1564 dona
1204 1507 1205 1560 l

161 1588 280 1646 ‘Unum
302 1603 371 1644 oro:
399 1583 531 1660 genetrix
550 1582 659 1642 Priami
680 1583 719 1644 de
738 1593 828 1658 gente
847 1593 964 1643 vetusta

162 1669 232 1726 ‘Est
253 1664 333 1736 mihi,
356 1683 446 1740 quarn
467 1665 602 1726 miseram
625 1663 720 1723 tenuit
740 1677 801 1738 nqn
824 1663 879 1722 Ilia
898 1665 985 1724 tellus
1095 1666 1144 1738 ²35
1204 1679 1205 1716 3

162 1749 301 1805 ‘Mecum
323 1746 523 1816 excedentem,
546 1763 607 1804 non
628 1743 748 1805 moenia
767 1743 843 1821 regis
863 1745 999 1804 Acestae.
1204 1717 1205 1793 i

163 1829 269 1885 ‘Hanc
290 1844 345 1902 ego
366 1843 447 1884 nunc
467 1825 596 1901 ignaram
617 1823 704 1883 huius
725 1825 935 1900 quodcumque
955 1824 1058 1900 pericli
1077 1835 1118 1883 est

163 1909 278 1982 ‘Inque
298 1907 454 1971 salutatam
476 1905 597 1979 linquo:
624 1923 685 1964 nox
706 1915 735 1964 et
756 1914 806 1963 tua
827 1904 908 1964 testis

164 1990 319 2056 ‘Dextera
342 1985 424 2061 quod
444 2004 592 2061 nequeam
612 1983 746 2044 lacrimas
767 1986 894 2060 perferre
914 1984 1052 2060 parentis.

164 2071 221 2127 ‘At
241 2078 281 2138 tu,
305 2084 365 2137 ore,
388 2066 484 2126 solare
504 2065 625 2141 inopem
647 2074 677 2124 et
698 2083 834 2124 succurre
854 2063 981 2124 relictae.
1094 2083 1141 2137 ²90

164 2150 271 2206 ‘Hanc
292 2145 356 2206 sine
376 2160 425 2205 me
445 2165 528 2223 spem
548 2147 622 2204 ferre
641 2142 697 2204 tui:
728 2143 885 2204 audentior
903 2143 955 2204 ibo

165 2231 220 2286 ‘In
240 2245 325 2285 casus
346 2229 467 2286 omnes!
508 2227 649 2285 Percussa
669 2234 769 2286 mente
789 2225 899 2284 dedere

165 2306 355 2367 Dardanidae
375 2307 510 2366 lacrimas
516 2327 525 2379 ;
544 2316 613 2364 ante
634 2323 739 2364 omnes
758 2305 880 2380 pulcher
901 2304 992 2374 Iulus,

164 2392 262 2462 Atque
282 2386 415 2444 animum
435 2384 547 2462 patriae
567 2383 681 2444 strinxit
700 2383 819 2460 pietatis
838 2384 944 2459 imago.

163 2469 242 2526 Tum
264 2465 306 2524 sic
326 2467 448 2525 effatur:

167 2547 303 2623 ‘Sponde
324 2546 414 2621 digna
434 2545 491 2604 tuis
512 2543 680 2621 ingentibus
700 2543 802 2602 omnia
820 2541 943 2618 coeptis.

167 2629 322 2703 ‘Namque
343 2626 397 2686 en‘t
417 2625 472 2685 ista
492 2623 565 2682 mihi
584 2623 725 2698 genetrix,
746 2641 917 2698 nomenque
937 2623 1065 2689 Creusae

168 2709 286 2768 ‘Solum
308 2705 440 2777 defuerit,
462 2723 518 2764 nec
538 2715 654 2780 parturn
674 2701 766 2780 gratia
786 2704 876 2762 talem

168 2791 277 2847 ‘Parva
296 2797 403 2848 manet.
447 2787 541 2845 Casus
561 2785 671 2842 factum
693 2781 871 2858 quicumque
891 2791 1054 2857 sequentur,
1202 2849 1203 2854 η

169 2871 241 2928 ‘Per
261 2877 352 2942 caput
372 2867 429 2927 hoc
450 2863 521 2936 iuro,
543 2883 595 2940 per
616 2863 699 2940 quod
719 2873 802 2939 pater
822 2872 891 2921 ante
911 2863 1041 2921 solebat:
1091 2881 1139 2936 300
1202 2881 1203 2914 1

168 2949 271 3020 ‘Quae
291 2945 344 3006 tibi
364 2946 507 3023 polliceor
525 2943 626 3004 reduci
646 2943 793 3018 rebusque
815 2941 960 3012 secundis,

169 3029 274 3084 ‘Haec
295 3025 400 3085 eadem
420 3025 564 3101 matrique
584 3034 653 3082 tuae
673 3020 832 3098 generique
852 3023 1035 3080 manebunt’

166 3105 215 3165 Sic
234 3103 275 3162 ait
294 3103 499 3177 inlacrimans3
526 3122 629 3164 umero
649 3102 735 3161 simul
756 3100 836 3160 exuit
857 3118 956 3160 ensem

167 3188 318 3252 Auratum,
341 3182 413 3240 mira
434 3202 523 3258 quem
543 3183 651 3242 fecerat
671 3193 732 3241 arte
754 3183 875 3257 Lycaon

168 3262 298 3321 Gnosius
319 3272 407 3332 atque
428 3263 557 3319 habilem
577 3261 683 3335 vagina
702 3271 815 3336 aptarat
836 3261 955 3319 eburna
1088 3279 1134 3337 305

169 3343 229 3396 Dat
250 3339 324 3396 Niso
348 3339 521 3394 Mnestheus
542 3341 650 3410 pellem
671 3338 882 3413 horrentesque
903 3336 998 3396 leonis
