2494 3702
422 89 695 151 GEORGICON
707 93 791 151 LIB.
816 95 841 152 L
1068 109 1120 166 107

132 215 298 289 Expectata
317 234 401 292 seges
422 215 504 274 vanis
525 218 611 276 elusit
631 217 733 276 aristis.

131 292 164 352 Si
184 313 254 354 vero
275 293 441 370 viciamque
461 315 538 355 seres
558 296 705 372 vilemque
725 299 887 373 phaselum,

132 375 201 431 Nec
221 374 393 437 Pelusiacae
412 394 511 432 curam
531 378 725 451 aspernabere
747 379 842 450 lentis,

132 453 227 512 Haud
248 454 374 512 obscura
394 455 502 513 cadens
523 456 620 514 mittet
640 455 693 515 tibi
714 455 796 532 signa
818 460 945 520 Bootes:

131 531 237 607 Incipe
257 544 288 592 et
307 534 346 591 ad
367 533 479 593 medias
500 546 663 594 sementem
684 537 810 596 extende
831 538 956 613 pruinas.
1065 559 1121 614 ²30

130 611 250 671 Idcirco
271 613 357 671 certis
378 613 544 672 dimensum
567 614 696 689 partibus
718 616 819 674 orbem

130 693 189 748 Per
209 692 350 751 duodena
369 691 441 774 regit
462 694 565 753 mundi
586 695 630 752 sol
651 713 755 755 aureus
776 705 860 754 astra.

129 770 274 846 Quinque
296 774 534 852 tenent3caelum
555 792 665 832 zonae:
692 794 814 850 quarum
836 795 895 834 una
915 795 1038 836 corusco

129 851 253 926 Semper
273 853 335 910 sole
355 853 463 924 rubens
485 862 514 910 et
535 852 645 912 torrida
666 872 783 928 semper
802 857 842 913 ab
862 855 921 931 igni
931 878 939 928 ;

130 931 230 1004 Quam
251 930 361 989 circum
383 943 529 990 extremae
550 934 654 992 dextra
674 935 817 1008 laevaque
839 937 991 995 trahuntur
1064 951 1118 1011 235

129 1011 302 1082 Caeruleae,
323 1009 416 1086 glacie
438 1024 593 1070 concretae
614 1023 704 1087 atque
725 1011 865 1072 imbribus
886 1015 973 1088 atris,

129 1089 198 1146 Has
218 1088 295 1148 iuter
314 1090 502 1165 mediamque
523 1091 599 1150 duae
619 1093 790 1152 mortalibus
811 1093 903 1168 aegris

129 1169 258 1227 Munere
278 1188 437 1228 concessae
458 1170 566 1242 divom,
591 1182 621 1230 et
641 1171 688 1229 via
709 1182 790 1230 secta
810 1191 863 1247 per
882 1175 994 1244 ambas,

127 1248 278 1320 Obliquus
299 1268 358 1324 qua
378 1269 410 1308 se
431 1250 580 1325 signorum
600 1262 725 1310 verteret
746 1252 827 1311 ord0.

128 1328 273 1400 Mundus,
294 1339 326 1386 ut
347 1329 385 1388 ad
406 1330 556 1406 Scythiam
576 1329 783 1406 Rhipaeasque
804 1331 912 1390 arduus
932 1351 1013 1392 arces
1062 1352 1119 1404 240

128 1407 298 1482 Consurgit,
320 1406 461 1483 premitur
482 1409 594 1484 Libyae
615 1411 744 1469 devexus
766 1412 796 1468 in
816 1421 937 1470 austros

127 1485 193 1544 Hic
213 1499 313 1547 vertex
333 1488 419 1547 nobis
440 1507 556 1564 semper
576 1489 707 1548 sublimis
717 1512 725 1562 ;
761 1501 790 1548 at
811 1489 893 1548 illum

126 1566 189 1624 Sub
211 1566 336 1641 pedibus
357 1569 428 1642 Styx
447 1578 510 1626 atra
530 1569 611 1628 videt
632 1572 797 1645 Manesque
817 1569 963 1644 profundi.

127 1647 280 1704 Maximus
300 1644 348 1704 hic
369 1647 446 1706 flexu
467 1648 587 1707 sinuoso
607 1648 732 1708 elabitur
753 1649 865 1724 Anguis

128 1725 249 1782 Circum
270 1744 380 1801 perque
404 1727 477 1786 duas
497 1729 528 1785 in
549 1747 661 1786 morem
682 1728 809 1787 fluminis
832 1731 946 1800 Arctos,
1061 1747 1115 1806 245

126 1805 236 1864 Arctos
257 1805 370 1865 Oceani
391 1817 555 1866 metuentes
575 1827 702 1883 aequore
723 1807 822 1884 tingui.

128 1883 205 1956 Illic,
227 1895 260 1942 ut
282 1884 446 1960 perhibent,
468 1899 518 1946 aut
539 1885 716 1963 intempesta
737 1887 801 1946 silet
822 1907 882 1946 nox

127 1965 251 2038 Semper
272 1976 301 2024 et
321 1966 444 2023 obtenta
465 1967 624 2025 densentur
644 1978 732 2026 nocte
753 1969 891 2026 tenebrae
901 1988 910 2040 3

127 2044 191 2101 Aut
209 2043 285 2102 redit
304 2064 323 2103 a
343 2045 429 2104 nobis
449 2047 563 2104 Aurora
584 2046 722 2121 diemque
743 2047 864 2118 reducit,

128 2124 253 2198 Nosque
274 2122 324 2182 ubi
343 2125 453 2199 primus
474 2124 556 2200 equis
578 2125 684 2184 Oriens
704 2125 823 2184 adflavit
843 2124 965 2197 anhelis,
1050 2144 1117 2204 ¹250

127 2202 195 2260 Illic
215 2221 280 2261 sera
298 2205 405 2262 rubens
425 2205 561 2263 accendit
582 2205 695 2263 lumina
714 2207 835 2280 Vesper.

129 2281 213 2340 Hinc
234 2293 423 2358 tempestates
444 2283 535 2344 dubio
556 2284 739 2361 praediscere
760 2285 844 2344 caelo

128 2363 298 2434 Possumus,
320 2361 389 2421 hinc
410 2362 571 2439 messisque
592 2364 669 2422 diem
691 2374 866 2439 tempusque
887 2364 1010 2436 serendi,

126 2440 168 2498 Et
188 2442 309 2515 quando
329 2441 453 2501 infidum
473 2445 560 2501 remis
581 2443 730 2518 impellere
751 2462 876 2502 marmor

127 2520 304 2592 Conveniat,
325 2522 445 2595 quando
465 2533 590 2582 armatas
610 2523 756 2582 deducere
777 2523 893 2597 classes,
1058 2545 1072 2581 2
1077 2543 1092 2600 5
1096 2541 1112 2602 5

126 2601 189 2657 Aut
209 2601 413 2676 tempestivam
434 2601 513 2661 silvis
534 2612 662 2662 evertere
683 2601 793 2677 pinum.

126 2681 194 2738 Nec
215 2681 319 2739 frustra
340 2680 487 2758 signorum
510 2681 607 2741 obitus
628 2683 812 2757 speculamur
833 2692 862 2739 et
884 2694 966 2740 ortus

126 2759 384 2835 Temporibusque
404 2779 504 2836 parem
527 2761 647 2820 diversis
668 2772 806 2836 quattuor
826 2779 944 2819 annum.

168 2839 303 2914 Frigidus
323 2838 480 2915 agricolam
500 2839 524 2898 si
545 2841 665 2916 quando
685 2838 818 2898 continet
838 2838 939 2910 imber,

126 2920 233 2989 Multa,
257 2920 352 2978 forent
374 2938 449 2995 quae
472 2938 542 2979 mox
565 2921 648 2979 caelo
670 2919 854 2994 properanda
877 2938 989 2992 sereno,
1053 2923 1111 2978 260

127 2999 278 3057 Maturare
300 2999 404 3057 datur:
439 3000 544 3058 durum
567 2998 704 3074 procudit
725 3009 822 3056 arator

125 3077 263 3137 Vomeris
285 3078 383 3136 obtusi
406 3079 534 3150 dentem,
558 3089 643 3136 cavat
664 3079 766 3136 arbore
791 3077 898 3151 lintres,

125 3159 188 3216 Aut
208 3156 308 3232 pecori
329 3159 442 3234 signum
466 3168 517 3216 aut
541 3176 677 3216 numeros
699 3157 846 3232 impressit
869 3159 989 3216 acervis.

128 3238 283 3297 Exacuunt
303 3236 351 3294 alii
376 3237 466 3296 vallos
490 3238 644 3312 furcasque
666 3236 810 3307 bicornes,
864 3258 867 3263 ¹

125 3317 225 3390 Atque
247 3315 388 3375 Amerina
412 3326 517 3390 parant
537 3317 635 3374 lentae
658 3314 818 3372 retinacula
842 3313 901 3370 viti.
1053 3318 1109 3386 ²⁶5
