2460 3686
353 703 385 764 P.
417 701 620 765 VERGILI
655 697 877 766 MARONIS

299 902 936 1000 AENEIDOS

435 1127 560 1184 LIBER
592 1125 801 1199 QUARTUS.

102 1364 165 1420 ΑΤ
188 1360 291 1436 regina
303 1359 383 1437 gravi
403 1360 576 1419 iamdudum
598 1358 698 1418 saucia
718 1378 789 1418 cura

100 1443 236 1500 Volnus
256 1441 307 1499 alit
327 1440 417 1511 venis,
440 1450 470 1499 et
489 1459 579 1500 caeco
600 1438 727 1515 carpitur
747 1439 814 1516 igni.

104 1522 219 1579 Multa
238 1519 290 1578 viri
311 1520 401 1579 virtus
421 1518 531 1591 animo,
553 1521 720 1594 multusque
741 1529 870 1579 recursat

105 1600 224 1660 Gentis
244 1601 340 1659 honos
346 1621 355 1673 ;
376 1601 497 1658 haerent
516 1599 598 1658 infixi
618 1610 738 1674 pectore
758 1600 853 1659 voltus

104 1681 285 1754 Verbaque,
307 1698 363 1738 nec
384 1678 529 1755 placidam
550 1679 689 1738 membris
709 1679 760 1737 dat
780 1699 850 1738 cura
869 1678 1006 1756 quietem.
1090 1694 1107 1756 5

108 1762 241 1818 Postera
263 1759 401 1818 Phoebea
421 1761 563 1818 lustrabat
583 1759 720 1835 lampade
741 1769 840 1829 terras,

109 1842 341 1914 Umentemque
362 1842 475 1898 Aurora
494 1839 565 1915 polo
585 1838 747 1898 dimoverat
767 1841 910 1910 umbram,

110 1921 196 1979 Cum
218 1918 259 1978 sic
280 1917 449 1977 unanimam
471 1917 638 1993 adloquitur
658 1919 734 1978 male
755 1937 827 1977 sana
846 1936 989 1978 sororem:

111 2002 220 2057 ‘Anna
240 2017 329 2072 soror,
350 2017 426 2073 quae
447 2017 495 2056 me
515 2017 686 2074 suspensam
707 1997 853 2056 insomnia
872 2001 1001 2057 terrent?

114 2079 207 2152 ‘Quis
228 2097 323 2136 novus
343 2079 391 2136 hic
411 2077 518 2136 nostris
538 2077 678 2137 successit
698 2078 816 2136 sedibus
836 2078 963 2153 hospes?
1072 2097 1107 2136 10

112 2160 230 2232 ‘Quem
250 2166 316 2216 sese'
335 2177 385 2217 ore
406 2159 514 2216 ferens!
540 2177 629 2233 quam
650 2157 717 2216 forti
737 2169 856 2233 pectore
877 2166 907 2216 et
926 2155 1027 2216 armisl

112 2239 230 2297 ‘Credo
251 2237 397 2312 equidem,
419 2256 475 2296 nec
494 2257 571 2296 vana
591 2237 674 2309 fides,
695 2255 788 2312 genus
809 2255 873 2296 esse
893 2236 1031 2298 deorum:

113 2320 301 2393 ‘Degeneres
323 2317 437 2377 animos
457 2316 544 2376 timor
563 2317 664 2392 arguit.
708 2319 787 2390 Heu,
809 2316 917 2392 quibus
937 2315 986 2375 ille

114 2401 262 2456 ‘Iactatus
282 2397 349 2456 fatis
369 2416 445 2472 quae
466 2398 544 2456 bella
564 2399 703 2456 exhausta
724 2399 863 2456 canebat!

113 2477 161 2537 ‘Si
183 2477 255 2536 mihi
276 2496 337 2536 non
357 2477 457 2535 animo
477 2478 568 2534 fixum
589 2476 804 2554 immotumque
824 2478 938 2537 sederet
1070 2494 1102 2554 15

114 2559 178 2615 ‘Ne
199 2556 247 2615 cui
267 2576 315 2616 me
335 2556 433 2616 vinclo
454 2558 560 2616 vellem
582 2556 694 2616 sociare
714 2556 812 2632 iugali,

114 2639 292 2712 ‘Postquam
313 2636 424 2712 primus
444 2655 527 2696 amor
547 2636 704 2713 deceptam
724 2649 818 2696 morte
838 2635 955 2710 fefellit3

114 2716 159 2776 ‘Si
180 2735 242 2775 non
262 2728 428 2792 pertaesum
449 2715 570 2774 thalami
590 2717 753 2792 taedaeque
774 2715 883 2789 fuisset,

114 2795 213 2855 ‘Huic
231 2795 283 2854 uni
304 2797 401 2854 forsan
421 2796 505 2871 potui
525 2798 716 2855 succumbere
737 2797 850 2872 culpae.

114 2879 225 2948 ‘Anna
247 2876 360 2934 fatebor
380 2875 468 2946 enim,
491 2874 588 2934 miseri
607 2886 675 2953 post
695 2877 754 2934 fata
774 2873 897 2950 Sychaei
1067 2899 1103 2938 20

114 2955 271 3030 ‘Coniugis
292 2966 322 3013 et
342 2974 457 3030 sparsos
477 2956 603 3015 fraterna
622 2956 714 3014 caede
733 2965 863 3032 penates,

114 3036 214 3094 ‘Solus
235 3033 283 3094 hic
303 3033 415 3094 inflexit
436 3054 547 3107 sensus,
569 3035 760 3110 animumque
781 3036 930 3094 labantem

114 3115 263 3189 ‘Impulitt
284 3115 434 3190 adgnosco
454 3115 558 3174 veteris
578 3113 699 3191 vestigia
719 3117 862 3174 flammae.

115 3195 187 3254 ‘Sed
207 3193 278 3252 mihi
299 3197 345 3253 vel
366 3195 452 3253 tellus
472 3205 573 3270 optem
594 3193 673 3270 prius
692 3195 752 3254 ima
773 3197 913 3266 dehiscat,

115 3275 184 3332 ‘Vel
205 3276 292 3332 Pater
311 3273 500 3350 omnipotens
520 3274 618 3350 adigat
638 3293 687 3333 me
707 3275 829 3334 fulmine
849 3274 887 3332 ad
908 3277 1033 3350 umbras,
1065 3295 1099 3354 25

116 3353 275 3414 ‘Pallentes
294 3354 414 3411 umbras
435 3352 524 3412 Erebi
544 3364 723 3429 noctemque
743 3353 928 3430 profundam,
